ts_recv,ts_event,rtype,publisher_id,instrument_id,action,side,depth,price,size,flags,ts_in_delta,sequence,bid_px_00,ask_px_00,bid_sz_00,ask_sz_00,bid_ct_00,ask_ct_00,bid_px_01,ask_px_01,bid_sz_01,ask_sz_01,bid_ct_01,ask_ct_01,bid_px_02,ask_px_02,bid_sz_02,ask_sz_02,bid_ct_02,ask_ct_02,bid_px_03,ask_px_03,bid_sz_03,ask_sz_03,bid_ct_03,ask_ct_03,bid_px_04,ask_px_04,bid_sz_04,ask_sz_04,bid_ct_04,ask_ct_04,bid_px_05,ask_px_05,bid_sz_05,ask_sz_05,bid_ct_05,ask_ct_05,bid_px_06,ask_px_06,bid_sz_06,ask_sz_06,bid_ct_06,ask_ct_06,bid_px_07,ask_px_07,bid_sz_07,ask_sz_07,bid_ct_07,ask_ct_07,bid_px_08,ask_px_08,bid_sz_08,ask_sz_08,bid_ct_08,ask_ct_08,bid_px_09,ask_px_09,bid_sz_09,ask_sz_09,bid_ct_09,ask_ct_09,symbol
2022-01-03T11:27:14.147336222Z,2022-01-03T11:27:14.147324282Z,10,2,10600,T,A,0,1135.000000000,20,130,11940,5012872,1135.000000000,1135.350000000,713,2,2,1,1134.440000000,1135.380000000,100,2,1,1,1134.380000000,1135.500000000,7,30,1,1,1134.300000000,1135.580000000,21,50,2,1,1134.230000000,1135.770000000,2,150,1,1,1134.190000000,1135.800000000,6,199,1,2,1134.000000000,1135.830000000,1021,100,3,1,1133.670000000,1135.890000000,9,9,1,1,1133.050000000,1135.940000000,1,100,1,1,1133.000000000,1136.000000000,51,35,5,6,TSLA
2022-01-03T11:27:14.147336222Z,2022-01-03T11:27:14.147324282Z,10,2,10600,C,N,0,1135.000000000,20,130,11940,5012872,1135.000000000,1135.350000000,693,2,2,1,1134.440000000,1135.380000000,100,2,1,1,1134.380000000,1135.500000000,7,30,1,1,1134.300000000,1135.580000000,21,50,2,1,1134.230000000,1135.770000000,2,150,1,1,1134.190000000,1135.800000000,6,199,1,2,1134.000000000,1135.830000000,1021,100,3,1,1133.670000000,1135.890000000,9,9,1,1,1133.050000000,1135.940000000,1,100,1,1,1133.000000000,1136.000000000,51,35,5,6,TSLA
2022-01-03T11:27:14.158457033Z,2022-01-03T11:27:14.158446925Z,10,2,27,C,N,4,178.560000000,31,130,10108,5012877,178.410000000,178.450000000,12,50,2,1,178.400000000,178.490000000,7,83,3,2,178.390000000,178.500000000,1,115,1,3,178.330000000,178.550000000,300,1,1,1,178.320000000,178.560000000,931,400,3,1,178.300000000,178.590000000,768,20,8,1,178.280000000,178.610000000,54,1,3,1,178.270000000,178.690000000,46,260,3,1,178.260000000,178.800000000,1,20,1,2,178.250000000,178.860000000,38,3,4,1,AAPL
2022-01-03T11:27:14.158514529Z,2022-01-03T11:27:14.158503674Z,10,2,27,A,N,3,178.540000000,31,130,10855,5012878,178.410000000,178.450000000,12,50,2,1,178.400000000,178.490000000,7,83,3,2,178.390000000,178.500000000,1,115,1,3,178.330000000,178.540000000,300,31,1,1,178.320000000,178.550000000,931,1,3,1,178.300000000,178.560000000,768,400,8,1,178.280000000,178.590000000,54,20,3,1,178.270000000,178.610000000,46,1,3,1,178.260000000,178.690000000,1,260,1,1,178.250000000,178.800000000,38,20,4,2,AAPL
2022-01-03T11:27:14.158917337Z,2022-01-03T11:27:14.158907094Z,10,2,27,C,N,4,178.320000000,31,130,10243,5012881,178.410000000,178.450000000,12,50,2,1,178.400000000,178.490000000,7,83,3,2,178.390000000,178.500000000,1,115,1,3,178.330000000,178.540000000,300,31,1,1,178.320000000,178.550000000,900,1,2,1,178.300000000,178.560000000,768,400,8,1,178.280000000,178.590000000,54,20,3,1,178.270000000,178.610000000,46,1,3,1,178.260000000,178.690000000,1,260,1,1,178.250000000,178.800000000,38,20,4,2,AAPL
2022-01-03T11:27:14.158949851Z,2022-01-03T11:27:14.158939399Z,10,2,27,A,N,6,178.280000000,31,130,10452,5012882,178.410000000,178.450000000,12,50,2,1,178.400000000,178.490000000,7,83,3,2,178.390000000,178.500000000,1,115,1,3,178.330000000,178.540000000,300,31,1,1,178.320000000,178.550000000,900,1,2,1,178.300000000,178.560000000,768,400,8,1,178.280000000,178.590000000,85,20,4,1,178.270000000,178.610000000,46,1,3,1,178.260000000,178.690000000,1,260,1,1,178.250000000,178.800000000,38,20,4,2,AAPL
2022-01-03T11:27:14.167313218Z,2022-01-03T11:27:14.167302954Z,10,2,27,C,N,3,178.540000000,31,130,10264,5012889,178.410000000,178.450000000,12,50,2,1,178.400000000,178.490000000,7,83,3,2,178.390000000,178.500000000,1,115,1,3,178.330000000,178.550000000,300,1,1,1,178.320000000,178.560000000,900,400,2,1,178.300000000,178.590000000,768,20,8,1,178.280000000,178.610000000,85,1,4,1,178.270000000,178.690000000,46,260,3,1,178.260000000,178.800000000,1,20,1,2,178.250000000,178.860000000,38,3,4,1,AAPL
2022-01-03T11:27:14.648531496Z,2022-01-03T11:27:14.648519969Z,10,2,10600,T,A,0,1135.000000000,155,130,11527,5013103,1135.000000000,1135.350000000,693,2,2,1,1134.440000000,1135.380000000,100,2,1,1,1134.380000000,1135.500000000,7,30,1,1,1134.300000000,1135.580000000,21,50,2,1,1134.230000000,1135.770000000,2,150,1,1,1134.190000000,1135.800000000,6,199,1,2,1134.000000000,1135.830000000,1021,100,3,1,1133.670000000,1135.890000000,9,9,1,1,1133.050000000,1135.940000000,1,100,1,1,1133.000000000,1136.000000000,51,35,5,6,TSLA
2022-01-03T11:27:14.648531496Z,2022-01-03T11:27:14.648519969Z,10,2,10600,C,N,0,1135.000000000,155,130,11527,5013103,1135.000000000,1135.350000000,538,2,2,1,1134.440000000,1135.380000000,100,2,1,1,1134.380000000,1135.500000000,7,30,1,1,1134.300000000,1135.580000000,21,50,2,1,1134.230000000,1135.770000000,2,150,1,1,1134.190000000,1135.800000000,6,199,1,2,1134.000000000,1135.830000000,1021,100,3,1,1133.670000000,1135.890000000,9,9,1,1,1133.050000000,1135.940000000,1,100,1,1,1133.000000000,1136.000000000,51,35,5,6,TSLA
2022-01-03T11:27:14.681422755Z,2022-01-03T11:27:14.681412532Z,10,2,27,A,N,3,178.540000000,27,130,10223,5013110,178.410000000,178.450000000,12,50,2,1,178.400000000,178.490000000,7,83,3,2,178.390000000,178.500000000,1,115,1,3,178.330000000,178.540000000,300,27,1,1,178.320000000,178.550000000,900,1,2,1,178.300000000,178.560000000,768,400,8,1,178.280000000,178.590000000,85,20,4,1,178.270000000,178.610000000,46,1,3,1,178.260000000,178.690000000,1,260,1,1,178.250000000,178.800000000,38,20,4,2,AAPL
2022-01-03T11:27:14.738345526Z,2022-01-03T11:27:14.738335076Z,10,2,10600,A,N,1,1135.380000000,5,130,10450,5013116,1135.000000000,1135.350000000,538,2,2,1,1134.440000000,1135.380000000,100,7,1,2,1134.380000000,1135.500000000,7,30,1,1,1134.300000000,1135.580000000,21,50,2,1,1134.230000000,1135.770000000,2,150,1,1,1134.190000000,1135.800000000,6,199,1,2,1134.000000000,1135.830000000,1021,100,3,1,1133.670000000,1135.890000000,9,9,1,1,1133.050000000,1135.940000000,1,100,1,1,1133.000000000,1136.000000000,51,35,5,6,TSLA
2022-01-03T11:27:14.808162793Z,2022-01-03T11:27:14.808150153Z,10,2,7627,T,A,0,299.720000000,3,130,12640,5013127,299.720000000,299.800000000,3,5,1,1,299.640000000,299.900000000,5,100,3,1,299.500000000,299.920000000,43,93,2,2,299.460000000,299.930000000,1,20,1,1,299.420000000,299.940000000,268,1,3,1,299.320000000,299.950000000,101,36,2,1,299.300000000,299.980000000,1,18,1,1,299.150000000,299.990000000,3,201,2,2,299.140000000,300.000000000,20,665,1,33,299.120000000,300.030000000,100,200,1,1,NVDA
2022-01-03T11:27:14.808162793Z,2022-01-03T11:27:14.808150153Z,10,2,7627,C,N,0,299.720000000,3,130,12640,5013127,299.640000000,299.800000000,5,5,3,1,299.500000000,299.900000000,43,100,2,1,299.460000000,299.920000000,1,93,1,2,299.420000000,299.930000000,268,20,3,1,299.320000000,299.940000000,101,1,2,1,299.300000000,299.950000000,1,36,1,1,299.150000000,299.980000000,3,18,2,1,299.140000000,299.990000000,20,201,1,2,299.120000000,300.000000000,100,665,1,33,299.000000000,300.030000000,240,200,12,1,NVDA
2022-01-03T11:27:14.930948317Z,2022-01-03T11:27:14.930937824Z,10,2,27,C,N,6,178.280000000,31,130,10493,5013162,178.410000000,178.450000000,12,50,2,1,178.400000000,178.490000000,7,83,3,2,178.390000000,178.500000000,1,115,1,3,178.330000000,178.540000000,300,27,1,1,178.320000000,178.550000000,900,1,2,1,178.300000000,178.560000000,768,400,8,1,178.280000000,178.590000000,54,20,3,1,178.270000000,178.610000000,46,1,3,1,178.260000000,178.690000000,1,260,1,1,178.250000000,178.800000000,38,20,4,2,AAPL
2022-01-03T11:27:14.931013457Z,2022-01-03T11:27:14.931002788Z,10,2,27,A,N,5,178.310000000,28,130,10669,5013163,178.410000000,178.450000000,12,50,2,1,178.400000000,178.490000000,7,83,3,2,178.390000000,178.500000000,1,115,1,3,178.330000000,178.540000000,300,27,1,1,178.320000000,178.550000000,900,1,2,1,178.310000000,178.560000000,28,400,1,1,178.300000000,178.590000000,768,20,8,1,178.280000000,178.610000000,54,1,3,1,178.270000000,178.690000000,46,260,3,1,178.260000000,178.800000000,1,20,1,2,AAPL
2022-01-03T11:27:14.951818481Z,2022-01-03T11:27:14.951808238Z,10,2,27,C,N,5,178.310000000,28,130,10243,5013166,178.410000000,178.450000000,12,50,2,1,178.400000000,178.490000000,7,83,3,2,178.390000000,178.500000000,1,115,1,3,178.330000000,178.540000000,300,27,1,1,178.320000000,178.550000000,900,1,2,1,178.300000000,178.560000000,768,400,8,1,178.280000000,178.590000000,54,20,3,1,178.270000000,178.610000000,46,1,3,1,178.260000000,178.690000000,1,260,1,1,178.250000000,178.800000000,38,20,4,2,AAPL
2022-01-03T11:27:15.516263321Z,2022-01-03T11:27:15.516252466Z,10,2,27,A,N,6,178.280000000,31,130,10855,5013358,178.410000000,178.450000000,12,50,2,1,178.400000000,178.490000000,7,83,3,2,178.390000000,178.500000000,1,115,1,3,178.330000000,178.540000000,300,27,1,1,178.320000000,178.550000000,900,1,2,1,178.300000000,178.560000000,768,400,8,1,178.280000000,178.590000000,85,20,4,1,178.270000000,178.610000000,46,1,3,1,178.260000000,178.690000000,1,260,1,1,178.250000000,178.800000000,38,20,4,2,AAPL
2022-01-03T11:27:15.687573716Z,2022-01-03T11:27:15.687562765Z,10,2,27,C,N,3,178.330000000,300,130,10951,5013442,178.410000000,178.450000000,12,50,2,1,178.400000000,178.490000000,7,83,3,2,178.390000000,178.500000000,1,115,1,3,178.320000000,178.540000000,900,27,2,1,178.300000000,178.550000000,768,1,8,1,178.280000000,178.560000000,85,400,4,1,178.270000000,178.590000000,46,20,3,1,178.260000000,178.610000000,1,1,1,1,178.250000000,178.690000000,38,260,4,1,178.240000000,178.800000000,6,20,2,2,AAPL
2022-01-03T11:27:15.887184530Z,2022-01-03T11:27:15.887173954Z,10,2,7119,C,N,1,337.630000000,6,130,10576,5013506,337.700000000,337.930000000,14,187,7,1,337.630000000,338.000000000,10,1,1,1,337.610000000,338.060000000,5,15,1,1,337.600000000,338.250000000,4,1,2,1,337.550000000,338.400000000,30,100,1,1,337.520000000,338.500000000,10,9,1,3,337.500000000,338.580000000,13,1,4,1,337.460000000,338.800000000,17,4,1,2,337.370000000,338.850000000,10,1526,1,1,337.300000000,338.900000000,10,1,1,1,MSFT
2022-01-03T11:27:15.888710506Z,2022-01-03T11:27:15.888699677Z,10,2,7119,A,N,2,337.620000000,6,130,10829,5013507,337.700000000,337.930000000,14,187,7,1,337.630000000,338.000000000,10,1,1,1,337.620000000,338.060000000,6,15,1,1,337.610000000,338.250000000,5,1,1,1,337.600000000,338.400000000,4,100,2,1,337.550000000,338.500000000,30,9,1,3,337.520000000,338.580000000,10,1,1,1,337.500000000,338.800000000,13,4,4,2,337.460000000,338.850000000,17,1526,1,1,337.370000000,338.900000000,10,1,1,1,MSFT
2022-01-03T11:27:16.751443296Z,2022-01-03T11:27:16.751433019Z,10,2,10600,C,N,5,1135.800000000,198,130,10277,5013798,1135.000000000,1135.350000000,538,2,2,1,1134.440000000,1135.380000000,100,7,1,2,1134.380000000,1135.500000000,7,30,1,1,1134.300000000,1135.580000000,21,50,2,1,1134.230000000,1135.770000000,2,150,1,1,1134.190000000,1135.800000000,6,1,1,1,1134.000000000,1135.830000000,1021,100,3,1,1133.670000000,1135.890000000,9,9,1,1,1133.050000000,1135.940000000,1,100,1,1,1133.000000000,1136.000000000,51,35,5,6,TSLA
2022-01-03T11:27:16.891526572Z,2022-01-03T11:27:16.891516456Z,10,2,10600,C,N,0,1135.350000000,2,130,10116,5013867,1135.000000000,1135.380000000,538,7,2,2,1134.440000000,1135.500000000,100,30,1,1,1134.380000000,1135.580000000,7,50,1,1,1134.300000000,1135.770000000,21,150,2,1,1134.230000000,1135.800000000,2,1,1,1,1134.190000000,1135.830000000,6,100,1,1,1134.000000000,1135.890000000,1021,9,3,1,1133.670000000,1135.940000000,9,100,1,1,1133.050000000,1136.000000000,1,35,1,6,1133.000000000,1136.030000000,51,1,5,1,TSLA
2022-01-03T11:27:16.892604574Z,2022-01-03T11:27:16.892593876Z,10,2,10600,A,N,0,1135.360000000,2,130,10698,5013868,1135.000000000,1135.360000000,538,2,2,1,1134.440000000,1135.380000000,100,7,1,2,1134.380000000,1135.500000000,7,30,1,1,1134.300000000,1135.580000000,21,50,2,1,1134.230000000,1135.770000000,2,150,1,1,1134.190000000,1135.800000000,6,1,1,1,1134.000000000,1135.830000000,1021,100,3,1,1133.670000000,1135.890000000,9,9,1,1,1133.050000000,1135.940000000,1,100,1,1,1133.000000000,1136.000000000,51,35,5,6,TSLA
2022-01-03T11:27:17.029476664Z,2022-01-03T11:27:17.029466541Z,10,2,27,C,N,3,178.540000000,27,130,10123,5013929,178.410000000,178.450000000,12,50,2,1,178.400000000,178.490000000,7,83,3,2,178.390000000,178.500000000,1,115,1,3,178.320000000,178.550000000,900,1,2,1,178.300000000,178.560000000,768,400,8,1,178.280000000,178.590000000,85,20,4,1,178.270000000,178.610000000,46,1,3,1,178.260000000,178.690000000,1,260,1,1,178.250000000,178.800000000,38,20,4,2,178.240000000,178.860000000,6,3,2,1,AAPL
2022-01-03T11:27:17.029539398Z,2022-01-03T11:27:17.029529131Z,10,2,27,A,N,5,178.570000000,30,130,10267,5013930,178.410000000,178.450000000,12,50,2,1,178.400000000,178.490000000,7,83,3,2,178.390000000,178.500000000,1,115,1,3,178.320000000,178.550000000,900,1,2,1,178.300000000,178.560000000,768,400,8,1,178.280000000,178.570000000,85,30,4,1,178.270000000,178.590000000,46,20,3,1,178.260000000,178.610000000,1,1,1,1,178.250000000,178.690000000,38,260,4,1,178.240000000,178.800000000,6,20,2,2,AAPL
2022-01-03T11:27:17.055507361Z,2022-01-03T11:27:17.055496703Z,10,2,10600,A,N,1,1134.500000000,1,130,10658,5013945,1135.000000000,1135.360000000,538,2,2,1,1134.500000000,1135.380000000,1,7,1,2,1134.440000000,1135.500000000,100,30,1,1,1134.380000000,1135.580000000,7,50,1,1,1134.300000000,1135.770000000,21,150,2,1,1134.230000000,1135.800000000,2,1,1,1,1134.190000000,1135.830000000,6,100,1,1,1134.000000000,1135.890000000,1021,9,3,1,1133.670000000,1135.940000000,9,100,1,1,1133.050000000,1136.000000000,1,35,1,6,TSLA
2022-01-03T11:27:17.064907476Z,2022-01-03T11:27:17.064896896Z,10,2,10600,A,N,2,1134.480000000,100,130,10580,5013948,1135.000000000,1135.360000000,538,2,2,1,1134.500000000,1135.380000000,1,7,1,2,1134.480000000,1135.500000000,100,30,1,1,1134.380000000,1135.580000000,7,50,1,1,1134.300000000,1135.770000000,21,150,2,1,1134.230000000,1135.800000000,2,1,1,1,1134.190000000,1135.830000000,6,100,1,1,1134.000000000,1135.890000000,1021,9,3,1,1133.670000000,1135.940000000,9,100,1,1,1133.050000000,1136.000000000,1,35,1,6,TSLA
2022-01-03T11:27:17.920142680Z,2022-01-03T11:27:17.920131481Z,10,2,10600,C,N,6,1135.830000000,100,130,11199,5014143,1135.000000000,1135.360000000,538,2,2,1,1134.500000000,1135.380000000,1,7,1,2,1134.480000000,1135.500000000,100,30,1,1,1134.380000000,1135.580000000,7,50,1,1,1134.300000000,1135.770000000,21,150,2,1,1134.230000000,1135.800000000,2,1,1,1,1134.190000000,1135.890000000,6,9,1,1,1134.000000000,1135.940000000,1021,100,3,1,1133.670000000,1136.000000000,9,35,1,6,1133.050000000,1136.030000000,1,1,1,1,TSLA
2022-01-03T11:27:17.920316554Z,2022-01-03T11:27:17.920303033Z,10,2,10600,T,B,0,1135.360000000,2,0,13521,5014144,1135.000000000,1135.360000000,538,2,2,1,1134.500000000,1135.380000000,1,7,1,2,1134.480000000,1135.500000000,100,30,1,1,1134.380000000,1135.580000000,7,50,1,1,1134.300000000,1135.770000000,21,150,2,1,1134.230000000,1135.800000000,2,1,1,1,1134.190000000,1135.890000000,6,9,1,1,1134.000000000,1135.940000000,1021,100,3,1,1133.670000000,1136.000000000,9,35,1,6,1133.050000000,1136.030000000,1,1,1,1,TSLA
2022-01-03T11:27:17.920316554Z,2022-01-03T11:27:17.920303033Z,10,2,10600,T,B,0,1135.380000000,2,0,13521,5014145,1135.000000000,1135.380000000,538,7,2,2,1134.500000000,1135.500000000,1,30,1,1,1134.480000000,1135.580000000,100,50,1,1,1134.380000000,1135.770000000,7,150,1,1,1134.300000000,1135.800000000,21,1,2,1,1134.230000000,1135.890000000,2,9,1,1,1134.190000000,1135.940000000,6,100,1,1,1134.000000000,1136.000000000,1021,35,3,6,1133.670000000,1136.030000000,9,1,1,1,1133.050000000,1136.120000000,1,6,1,1,TSLA
2022-01-03T11:27:17.920316554Z,2022-01-03T11:27:17.920303033Z,10,2,10600,T,B,0,1135.380000000,5,130,13521,5014146,1135.000000000,1135.380000000,538,5,2,1,1134.500000000,1135.500000000,1,30,1,1,1134.480000000,1135.580000000,100,50,1,1,1134.380000000,1135.770000000,7,150,1,1,1134.300000000,1135.800000000,21,1,2,1,1134.230000000,1135.890000000,2,9,1,1,1134.190000000,1135.940000000,6,100,1,1,1134.000000000,1136.000000000,1021,35,3,6,1133.670000000,1136.030000000,9,1,1,1,1133.050000000,1136.120000000,1,6,1,1,TSLA
2022-01-03T11:27:17.920316554Z,2022-01-03T11:27:17.920303033Z,10,2,10600,C,N,0,1135.380000000,5,130,13521,5014146,1135.000000000,1135.500000000,538,30,2,1,1134.500000000,1135.580000000,1,50,1,1,1134.480000000,1135.770000000,100,150,1,1,1134.380000000,1135.800000000,7,1,1,1,1134.300000000,1135.890000000,21,9,2,1,1134.230000000,1135.940000000,2,100,1,1,1134.190000000,1136.000000000,6,35,1,6,1134.000000000,1136.030000000,1021,1,3,1,1133.670000000,1136.120000000,9,6,1,1,1133.050000000,1136.390000000,1,100,1,1,TSLA
2022-01-03T11:27:17.975345902Z,2022-01-03T11:27:17.975335272Z,10,2,10600,A,N,4,1135.870000000,100,130,10630,5014158,1135.000000000,1135.500000000,538,30,2,1,1134.500000000,1135.580000000,1,50,1,1,1134.480000000,1135.770000000,100,150,1,1,1134.380000000,1135.800000000,7,1,1,1,1134.300000000,1135.870000000,21,100,2,1,1134.230000000,1135.890000000,2,9,1,1,1134.190000000,1135.940000000,6,100,1,1,1134.000000000,1136.000000000,1021,35,3,6,1133.670000000,1136.030000000,9,1,1,1,1133.050000000,1136.120000000,1,6,1,1,TSLA
2022-01-03T11:27:17.988089904Z,2022-01-03T11:27:17.988079668Z,10,2,10600,C,N,6,1134.190000000,6,130,10236,5014162,1135.000000000,1135.500000000,538,30,2,1,1134.500000000,1135.580000000,1,50,1,1,1134.480000000,1135.770000000,100,150,1,1,1134.380000000,1135.800000000,7,1,1,1,1134.300000000,1135.870000000,21,100,2,1,1134.230000000,1135.890000000,2,9,1,1,1134.000000000,1135.940000000,1021,100,3,1,1133.670000000,1136.000000000,9,35,1,6,1133.050000000,1136.030000000,1,1,1,1,1133.000000000,1136.120000000,51,6,5,1,TSLA
2022-01-03T11:27:17.988152064Z,2022-01-03T11:27:17.988141667Z,10,2,10600,A,N,3,1134.410000000,6,130,10397,5014163,1135.000000000,1135.500000000,538,30,2,1,1134.500000000,1135.580000000,1,50,1,1,1134.480000000,1135.770000000,100,150,1,1,1134.410000000,1135.800000000,6,1,1,1,1134.380000000,1135.870000000,7,100,1,1,1134.300000000,1135.890000000,21,9,2,1,1134.230000000,1135.940000000,2,100,1,1,1134.000000000,1136.000000000,1021,35,3,6,1133.670000000,1136.030000000,9,1,1,1,1133.050000000,1136.120000000,1,6,1,1,TSLA
2022-01-03T11:27:17.989606626Z,2022-01-03T11:27:17.989596393Z,10,2,10600,C,N,9,1136.120000000,6,130,10233,5014164,1135.000000000,1135.500000000,538,30,2,1,1134.500000000,1135.580000000,1,50,1,1,1134.480000000,1135.770000000,100,150,1,1,1134.410000000,1135.800000000,6,1,1,1,1134.380000000,1135.870000000,7,100,1,1,1134.300000000,1135.890000000,21,9,2,1,1134.230000000,1135.940000000,2,100,1,1,1134.000000000,1136.000000000,1021,35,3,6,1133.670000000,1136.030000000,9,1,1,1,1133.050000000,1136.390000000,1,100,1,1,TSLA
2022-01-03T11:27:17.999022014Z,2022-01-03T11:27:17.999011860Z,10,2,10600,C,N,4,1135.870000000,100,130,10154,5014166,1135.000000000,1135.500000000,538,30,2,1,1134.500000000,1135.580000000,1,50,1,1,1134.480000000,1135.770000000,100,150,1,1,1134.410000000,1135.800000000,6,1,1,1,1134.380000000,1135.890000000,7,9,1,1,1134.300000000,1135.940000000,21,100,2,1,1134.230000000,1136.000000000,2,35,1,6,1134.000000000,1136.030000000,1021,1,3,1,1133.670000000,1136.390000000,9,100,1,1,1133.050000000,1136.500000000,1,50,1,1,TSLA
2022-01-03T11:27:17.999035775Z,2022-01-03T11:27:17.999025417Z,10,2,10600,A,N,8,1136.070000000,100,130,10358,5014167,1135.000000000,1135.500000000,538,30,2,1,1134.500000000,1135.580000000,1,50,1,1,1134.480000000,1135.770000000,100,150,1,1,1134.410000000,1135.800000000,6,1,1,1,1134.380000000,1135.890000000,7,9,1,1,1134.300000000,1135.940000000,21,100,2,1,1134.230000000,1136.000000000,2,35,1,6,1134.000000000,1136.030000000,1021,1,3,1,1133.670000000,1136.070000000,9,100,1,1,1133.050000000,1136.390000000,1,100,1,1,TSLA
2022-01-03T11:27:18.091400176Z,2022-01-03T11:27:18.091389688Z,10,2,10600,A,N,1,1134.560000000,100,130,10488,5014194,1135.000000000,1135.500000000,538,30,2,1,1134.560000000,1135.580000000,100,50,1,1,1134.500000000,1135.770000000,1,150,1,1,1134.410000000,1135.800000000,6,1,1,1,1134.380000000,1135.890000000,7,9,1,1,1134.300000000,1135.940000000,21,100,2,1,1134.230000000,1136.000000000,2,35,1,6,1134.000000000,1136.030000000,1021,1,3,1,1133.670000000,1136.070000000,9,100,1,1,1133.050000000,1136.390000000,1,100,1,1,TSLA
2022-01-03T11:27:18.236469931Z,2022-01-03T11:27:18.236459424Z,10,2,10600,A,N,8,1136.040000000,100,130,10507,5014239,1135.000000000,1135.500000000,538,30,2,1,1134.560000000,1135.580000000,100,50,1,1,1134.500000000,1135.770000000,1,150,1,1,1134.410000000,1135.800000000,6,1,1,1,1134.380000000,1135.890000000,7,9,1,1,1134.300000000,1135.940000000,21,100,2,1,1134.230000000,1136.000000000,2,35,1,6,1134.000000000,1136.030000000,1021,1,3,1,1133.670000000,1136.040000000,9,100,1,1,1133.050000000,1136.390000000,1,100,1,1,TSLA
2022-01-03T11:27:19.516223847Z,2022-01-03T11:27:19.516213550Z,10,2,27,C,N,5,178.570000000,30,130,10297,5014715,178.410000000,178.450000000,12,50,2,1,178.400000000,178.490000000,7,83,3,2,178.390000000,178.500000000,1,115,1,3,178.320000000,178.550000000,900,1,2,1,178.300000000,178.560000000,768,400,8,1,178.280000000,178.590000000,85,20,4,1,178.270000000,178.610000000,46,1,3,1,178.260000000,178.690000000,1,260,1,1,178.250000000,178.800000000,38,20,4,2,178.240000000,178.860000000,6,3,2,1,AAPL
2022-01-03T11:27:19.516326867Z,2022-01-03T11:27:19.516316168Z,10,2,27,A,N,3,178.540000000,31,130,10699,5014716,178.410000000,178.450000000,12,50,2,1,178.400000000,178.490000000,7,83,3,2,178.390000000,178.500000000,1,115,1,3,178.320000000,178.540000000,900,31,2,1,178.300000000,178.550000000,768,1,8,1,178.280000000,178.560000000,85,400,4,1,178.270000000,178.590000000,46,20,3,1,178.260000000,178.610000000,1,1,1,1,178.250000000,178.690000000,38,260,4,1,178.240000000,178.800000000,6,20,2,2,AAPL
2022-01-03T11:27:19.668305642Z,2022-01-03T11:27:19.668293624Z,10,2,27,T,A,0,178.410000000,1,130,12018,5014753,178.410000000,178.450000000,12,50,2,1,178.400000000,178.490000000,7,83,3,2,178.390000000,178.500000000,1,115,1,3,178.320000000,178.540000000,900,31,2,1,178.300000000,178.550000000,768,1,8,1,178.280000000,178.560000000,85,400,4,1,178.270000000,178.590000000,46,20,3,1,178.260000000,178.610000000,1,1,1,1,178.250000000,178.690000000,38,260,4,1,178.240000000,178.800000000,6,20,2,2,AAPL
2022-01-03T11:27:19.668305642Z,2022-01-03T11:27:19.668293624Z,10,2,27,C,N,0,178.410000000,1,130,12018,5014753,178.410000000,178.450000000,11,50,1,1,178.400000000,178.490000000,7,83,3,2,178.390000000,178.500000000,1,115,1,3,178.320000000,178.540000000,900,31,2,1,178.300000000,178.550000000,768,1,8,1,178.280000000,178.560000000,85,400,4,1,178.270000000,178.590000000,46,20,3,1,178.260000000,178.610000000,1,1,1,1,178.250000000,178.690000000,38,260,4,1,178.240000000,178.800000000,6,20,2,2,AAPL
2022-01-03T11:27:19.886884361Z,2022-01-03T11:27:19.886874041Z,10,2,27,C,N,5,178.280000000,31,130,10320,5014812,178.410000000,178.450000000,11,50,1,1,178.400000000,178.490000000,7,83,3,2,178.390000000,178.500000000,1,115,1,3,178.320000000,178.540000000,900,31,2,1,178.300000000,178.550000000,768,1,8,1,178.280000000,178.560000000,54,400,3,1,178.270000000,178.590000000,46,20,3,1,178.260000000,178.610000000,1,1,1,1,178.250000000,178.690000000,38,260,4,1,178.240000000,178.800000000,6,20,2,2,AAPL
2022-01-03T11:27:19.886991202Z,2022-01-03T11:27:19.886980655Z,10,2,27,A,N,4,178.310000000,30,130,10547,5014813,178.410000000,178.450000000,11,50,1,1,178.400000000,178.490000000,7,83,3,2,178.390000000,178.500000000,1,115,1,3,178.320000000,178.540000000,900,31,2,1,178.310000000,178.550000000,30,1,1,1,178.300000000,178.560000000,768,400,8,1,178.280000000,178.590000000,54,20,3,1,178.270000000,178.610000000,46,1,3,1,178.260000000,178.690000000,1,260,1,1,178.250000000,178.800000000,38,20,4,2,AAPL
2022-01-03T11:27:20.347060829Z,2022-01-03T11:27:20.347050144Z,10,2,10600,A,N,9,1136.350000000,6,130,10685,5014982,1135.000000000,1135.500000000,538,30,2,1,1134.560000000,1135.580000000,100,50,1,1,1134.500000000,1135.770000000,1,150,1,1,1134.410000000,1135.800000000,6,1,1,1,1134.380000000,1135.890000000,7,9,1,1,1134.300000000,1135.940000000,21,100,2,1,1134.230000000,1136.000000000,2,35,1,6,1134.000000000,1136.030000000,1021,1,3,1,1133.670000000,1136.040000000,9,100,1,1,1133.050000000,1136.350000000,1,6,1,1,TSLA
2022-01-03T11:27:20.943157002Z,2022-01-03T11:27:20.943146081Z,10,2,27,A,N,0,178.410000000,2,130,10921,5015147,178.410000000,178.450000000,13,50,2,1,178.400000000,178.490000000,7,83,3,2,178.390000000,178.500000000,1,115,1,3,178.320000000,178.540000000,900,31,2,1,178.310000000,178.550000000,30,1,1,1,178.300000000,178.560000000,768,400,8,1,178.280000000,178.590000000,54,20,3,1,178.270000000,178.610000000,46,1,3,1,178.260000000,178.690000000,1,260,1,1,178.250000000,178.800000000,38,20,4,2,AAPL
2022-01-03T11:27:21.674607530Z,2022-01-03T11:27:21.674597364Z,10,2,10600,C,N,2,1135.770000000,150,130,10166,5015334,1135.000000000,1135.500000000,538,30,2,1,1134.560000000,1135.580000000,100,50,1,1,1134.500000000,1135.800000000,1,1,1,1,1134.410000000,1135.890000000,6,9,1,1,1134.380000000,1135.940000000,7,100,1,1,1134.300000000,1136.000000000,21,35,2,6,1134.230000000,1136.030000000,2,1,1,1,1134.000000000,1136.040000000,1021,100,3,1,1133.670000000,1136.350000000,9,6,1,1,1133.050000000,1136.390000000,1,100,1,1,TSLA
2022-01-03T11:27:21.746008209Z,2022-01-03T11:27:21.745998020Z,10,2,10600,C,N,3,1134.410000000,6,130,10189,5015348,1135.000000000,1135.500000000,538,30,2,1,1134.560000000,1135.580000000,100,50,1,1,1134.500000000,1135.800000000,1,1,1,1,1134.380000000,1135.890000000,7,9,1,1,1134.300000000,1135.940000000,21,100,2,1,1134.230000000,1136.000000000,2,35,1,6,1134.000000000,1136.030000000,1021,1,3,1,1133.670000000,1136.040000000,9,100,1,1,1133.050000000,1136.350000000,1,6,1,1,1133.000000000,1136.390000000,51,100,5,1,TSLA
2022-01-03T11:27:21.746069371Z,2022-01-03T11:27:21.746058602Z,10,2,10600,A,N,2,1134.530000000,6,130,10769,5015349,1135.000000000,1135.500000000,538,30,2,1,1134.560000000,1135.580000000,100,50,1,1,1134.530000000,1135.800000000,6,1,1,1,1134.500000000,1135.890000000,1,9,1,1,1134.380000000,1135.940000000,7,100,1,1,1134.300000000,1136.000000000,21,35,2,6,1134.230000000,1136.030000000,2,1,1,1,1134.000000000,1136.040000000,1021,100,3,1,1133.670000000,1136.350000000,9,6,1,1,1133.050000000,1136.390000000,1,100,1,1,TSLA
2022-01-03T11:27:21.802163295Z,2022-01-03T11:27:21.802152749Z,10,2,10600,A,N,1,1134.570000000,100,130,10546,5015376,1135.000000000,1135.500000000,538,30,2,1,1134.570000000,1135.580000000,100,50,1,1,1134.530000000,1135.800000000,6,1,1,1,1134.500000000,1135.890000000,1,9,1,1,1134.380000000,1135.940000000,7,100,1,1,1134.300000000,1136.000000000,21,35,2,6,1134.230000000,1136.030000000,2,1,1,1,1134.000000000,1136.040000000,1021,100,3,1,1133.670000000,1136.350000000,9,6,1,1,1133.050000000,1136.390000000,1,100,1,1,TSLA
2022-01-03T11:27:21.882462263Z,2022-01-03T11:27:21.882451441Z,10,2,10600,A,N,0,1135.380000000,2,130,10822,5015385,1135.000000000,1135.380000000,538,2,2,1,1134.570000000,1135.500000000,100,30,1,1,1134.530000000,1135.580000000,6,50,1,1,1134.500000000,1135.800000000,1,1,1,1,1134.380000000,1135.890000000,7,9,1,1,1134.300000000,1135.940000000,21,100,2,1,1134.230000000,1136.000000000,2,35,1,6,1134.000000000,1136.030000000,1021,1,3,1,1133.670000000,1136.040000000,9,100,1,1,1133.050000000,1136.350000000,1,6,1,1,TSLA
2022-01-03T11:27:21.910211838Z,2022-01-03T11:27:21.910200781Z,10,2,10600,A,N,1,1134.580000000,100,130,11057,5015397,1135.000000000,1135.380000000,538,2,2,1,1134.580000000,1135.500000000,100,30,1,1,1134.530000000,1135.580000000,6,50,1,1,1134.500000000,1135.800000000,1,1,1,1,1134.380000000,1135.890000000,7,9,1,1,1134.300000000,1135.940000000,21,100,2,1,1134.230000000,1136.000000000,2,35,1,6,1134.000000000,1136.030000000,1021,1,3,1,1133.670000000,1136.040000000,9,100,1,1,1133.050000000,1136.350000000,1,6,1,1,TSLA
2022-01-03T11:27:21.961425259Z,2022-01-03T11:27:21.961414519Z,10,2,10600,A,N,1,1134.810000000,100,130,10740,5015403,1135.000000000,1135.380000000,538,2,2,1,1134.810000000,1135.500000000,100,30,1,1,1134.530000000,1135.580000000,6,50,1,1,1134.500000000,1135.800000000,1,1,1,1,1134.380000000,1135.890000000,7,9,1,1,1134.300000000,1135.940000000,21,100,2,1,1134.230000000,1136.000000000,2,35,1,6,1134.000000000,1136.030000000,1021,1,3,1,1133.670000000,1136.040000000,9,100,1,1,1133.050000000,1136.350000000,1,6,1,1,TSLA
2022-01-03T11:27:22.060702323Z,2022-01-03T11:27:22.060691787Z,10,2,10600,A,N,6,1135.990000000,100,130,10536,5015416,1135.000000000,1135.380000000,538,2,2,1,1134.810000000,1135.500000000,100,30,1,1,1134.530000000,1135.580000000,6,50,1,1,1134.500000000,1135.800000000,1,1,1,1,1134.380000000,1135.890000000,7,9,1,1,1134.300000000,1135.940000000,21,100,2,1,1134.230000000,1135.990000000,2,100,1,1,1134.000000000,1136.000000000,1021,35,3,6,1133.670000000,1136.030000000,9,1,1,1,1133.050000000,1136.350000000,1,6,1,1,TSLA
2022-01-03T11:27:22.062417559Z,2022-01-03T11:27:22.062406958Z,10,2,10600,A,N,1,1134.920000000,100,130,10601,5015418,1135.000000000,1135.380000000,538,2,2,1,1134.920000000,1135.500000000,100,30,1,1,1134.530000000,1135.580000000,6,50,1,1,1134.500000000,1135.800000000,1,1,1,1,1134.380000000,1135.890000000,7,9,1,1,1134.300000000,1135.940000000,21,100,2,1,1134.230000000,1135.990000000,2,100,1,1,1134.000000000,1136.000000000,1021,35,3,6,1133.670000000,1136.030000000,9,1,1,1,1133.050000000,1136.350000000,1,6,1,1,TSLA
2022-01-03T11:27:22.617686308Z,2022-01-03T11:27:22.617675514Z,10,2,10930,A,N,8,219.000000000,1,130,10794,5015555,217.400000000,217.680000000,1,3,1,2,217.380000000,217.690000000,25,1,1,1,217.370000000,217.800000000,100,21,1,1,217.320000000,217.910000000,100,23,1,1,217.240000000,217.980000000,9,70,3,1,217.200000000,218.000000000,4,19,1,4,217.100000000,218.040000000,20,100,1,1,217.060000000,218.160000000,41,1,1,1,216.780000000,219.000000000,12,37,4,4,216.760000000,219.290000000,100,1,1,1,V
2022-01-03T11:27:23.102672412Z,2022-01-03T11:27:23.102660849Z,10,2,10600,A,N,0,1135.050000000,17,130,11563,5015622,1135.050000000,1135.380000000,17,2,1,1,1135.000000000,1135.500000000,538,30,2,1,1134.920000000,1135.580000000,100,50,1,1,1134.530000000,1135.800000000,6,1,1,1,1134.500000000,1135.890000000,1,9,1,1,1134.380000000,1135.940000000,7,100,1,1,1134.300000000,1135.990000000,21,100,2,1,1134.230000000,1136.000000000,2,35,1,6,1134.000000000,1136.030000000,1021,1,3,1,1133.670000000,1136.350000000,9,6,1,1,TSLA
2022-01-03T11:27:23.148311972Z,2022-01-03T11:27:23.148301581Z,10,2,11601,C,N,2,61.860000000,49,130,10391,5015630,61.710000000,61.830000000,6,502,1,2,61.700000000,61.850000000,710,50,3,1,61.670000000,61.860000000,50,2,1,1,61.650000000,61.880000000,1403,42,5,1,61.630000000,61.890000000,5,600,1,1,61.590000000,61.900000000,10,50,1,1,61.530000000,61.960000000,508,3,2,1,61.520000000,62.000000000,112,15,1,1,61.500000000,62.100000000,181,30,2,2,61.490000000,62.200000000,35,10,1,1,XOM
2022-01-03T11:27:23.148384734Z,2022-01-03T11:27:23.148374074Z,10,2,11601,A,N,1,61.840000000,44,130,10660,5015631,61.710000000,61.830000000,6,502,1,2,61.700000000,61.840000000,710,44,3,1,61.670000000,61.850000000,50,50,1,1,61.650000000,61.860000000,1403,2,5,1,61.630000000,61.880000000,5,42,1,1,61.590000000,61.890000000,10,600,1,1,61.530000000,61.900000000,508,50,2,1,61.520000000,61.960000000,112,3,1,1,61.500000000,62.000000000,181,15,2,1,61.490000000,62.100000000,35,30,1,2,XOM
2022-01-03T11:27:23.148960843Z,2022-01-03T11:27:23.148950620Z,10,2,11601,C,N,1,61.840000000,44,130,10223,5015632,61.710000000,61.830000000,6,502,1,2,61.700000000,61.850000000,710,50,3,1,61.670000000,61.860000000,50,2,1,1,61.650000000,61.880000000,1403,42,5,1,61.630000000,61.890000000,5,600,1,1,61.590000000,61.900000000,10,50,1,1,61.530000000,61.960000000,508,3,2,1,61.520000000,62.000000000,112,15,1,1,61.500000000,62.100000000,181,30,2,2,61.490000000,62.200000000,35,10,1,1,XOM
2022-01-03T11:27:23.344860605Z,2022-01-03T11:27:23.344850263Z,10,2,10600,C,N,1,1135.500000000,30,130,10342,5015684,1135.050000000,1135.380000000,17,2,1,1,1135.000000000,1135.580000000,538,50,2,1,1134.920000000,1135.800000000,100,1,1,1,1134.530000000,1135.890000000,6,9,1,1,1134.500000000,1135.940000000,1,100,1,1,1134.380000000,1135.990000000,7,100,1,1,1134.300000000,1136.000000000,21,35,2,6,1134.230000000,1136.030000000,2,1,1,1,1134.000000000,1136.350000000,1021,6,3,1,1133.670000000,1136.390000000,9,100,1,1,TSLA
2022-01-03T11:27:23.346389494Z,2022-01-03T11:27:23.346378324Z,10,2,10600,A,N,0,1135.300000000,30,130,11170,5015685,1135.050000000,1135.300000000,17,30,1,1,1135.000000000,1135.380000000,538,2,2,1,1134.920000000,1135.580000000,100,50,1,1,1134.530000000,1135.800000000,6,1,1,1,1134.500000000,1135.890000000,1,9,1,1,1134.380000000,1135.940000000,7,100,1,1,1134.300000000,1135.990000000,21,100,2,1,1134.230000000,1136.000000000,2,35,1,6,1134.000000000,1136.030000000,1021,1,3,1,1133.670000000,1136.350000000,9,6,1,1,TSLA
2022-01-03T11:27:23.408938348Z,2022-01-03T11:27:23.408927782Z,10,2,10600,C,N,9,1136.350000000,6,130,10566,5015700,1135.050000000,1135.300000000,17,30,1,1,1135.000000000,1135.380000000,538,2,2,1,1134.920000000,1135.580000000,100,50,1,1,1134.530000000,1135.800000000,6,1,1,1,1134.500000000,1135.890000000,1,9,1,1,1134.380000000,1135.940000000,7,100,1,1,1134.300000000,1135.990000000,21,100,2,1,1134.230000000,1136.000000000,2,35,1,6,1134.000000000,1136.030000000,1021,1,3,1,1133.670000000,1136.390000000,9,100,1,1,TSLA
2022-01-03T11:27:23.409007579Z,2022-01-03T11:27:23.408997110Z,10,2,10600,A,N,9,1136.230000000,6,130,10469,5015701,1135.050000000,1135.300000000,17,30,1,1,1135.000000000,1135.380000000,538,2,2,1,1134.920000000,1135.580000000,100,50,1,1,1134.530000000,1135.800000000,6,1,1,1,1134.500000000,1135.890000000,1,9,1,1,1134.380000000,1135.940000000,7,100,1,1,1134.300000000,1135.990000000,21,100,2,1,1134.230000000,1136.000000000,2,35,1,6,1134.000000000,1136.030000000,1021,1,3,1,1133.670000000,1136.230000000,9,6,1,1,TSLA
2022-01-03T11:27:23.544698230Z,2022-01-03T11:27:23.544679321Z,10,2,27,T,A,0,178.410000000,11,0,18909,5015728,178.410000000,178.450000000,13,50,2,1,178.400000000,178.490000000,7,83,3,2,178.390000000,178.500000000,1,115,1,3,178.320000000,178.540000000,900,31,2,1,178.310000000,178.550000000,30,1,1,1,178.300000000,178.560000000,768,400,8,1,178.280000000,178.590000000,54,20,3,1,178.270000000,178.610000000,46,1,3,1,178.260000000,178.690000000,1,260,1,1,178.250000000,178.800000000,38,20,4,2,AAPL
2022-01-03T11:27:23.544698230Z,2022-01-03T11:27:23.544679321Z,10,2,27,T,A,0,178.410000000,2,0,18909,5015729,178.410000000,178.450000000,2,50,1,1,178.400000000,178.490000000,7,83,3,2,178.390000000,178.500000000,1,115,1,3,178.320000000,178.540000000,900,31,2,1,178.310000000,178.550000000,30,1,1,1,178.300000000,178.560000000,768,400,8,1,178.280000000,178.590000000,54,20,3,1,178.270000000,178.610000000,46,1,3,1,178.260000000,178.690000000,1,260,1,1,178.250000000,178.800000000,38,20,4,2,AAPL
2022-01-03T11:27:23.544698230Z,2022-01-03T11:27:23.544679321Z,10,2,27,T,A,0,178.400000000,1,0,18909,5015730,178.400000000,178.450000000,7,50,3,1,178.390000000,178.490000000,1,83,1,2,178.320000000,178.500000000,900,115,2,3,178.310000000,178.540000000,30,31,1,1,178.300000000,178.550000000,768,1,8,1,178.280000000,178.560000000,54,400,3,1,178.270000000,178.590000000,46,20,3,1,178.260000000,178.610000000,1,1,1,1,178.250000000,178.690000000,38,260,4,1,178.240000000,178.800000000,6,20,2,2,AAPL
2022-01-03T11:27:23.544698230Z,2022-01-03T11:27:23.544679321Z,10,2,27,T,A,0,178.400000000,5,0,18909,5015731,178.400000000,178.450000000,6,50,2,1,178.390000000,178.490000000,1,83,1,2,178.320000000,178.500000000,900,115,2,3,178.310000000,178.540000000,30,31,1,1,178.300000000,178.550000000,768,1,8,1,178.280000000,178.560000000,54,400,3,1,178.270000000,178.590000000,46,20,3,1,178.260000000,178.610000000,1,1,1,1,178.250000000,178.690000000,38,260,4,1,178.240000000,178.800000000,6,20,2,2,AAPL
2022-01-03T11:27:23.544698230Z,2022-01-03T11:27:23.544679321Z,10,2,27,T,A,0,178.400000000,1,0,18909,5015732,178.400000000,178.450000000,1,50,1,1,178.390000000,178.490000000,1,83,1,2,178.320000000,178.500000000,900,115,2,3,178.310000000,178.540000000,30,31,1,1,178.300000000,178.550000000,768,1,8,1,178.280000000,178.560000000,54,400,3,1,178.270000000,178.590000000,46,20,3,1,178.260000000,178.610000000,1,1,1,1,178.250000000,178.690000000,38,260,4,1,178.240000000,178.800000000,6,20,2,2,AAPL
2022-01-03T11:27:23.544698230Z,2022-01-03T11:27:23.544679321Z,10,2,27,T,N,0,178.400000000,10,130,18909,5015733,178.390000000,178.450000000,1,50,1,1,178.320000000,178.490000000,900,83,2,2,178.310000000,178.500000000,30,115,1,3,178.300000000,178.540000000,768,31,8,1,178.280000000,178.550000000,54,1,3,1,178.270000000,178.560000000,46,400,3,1,178.260000000,178.590000000,1,20,1,1,178.250000000,178.610000000,38,1,4,1,178.240000000,178.690000000,6,260,2,1,178.230000000,178.800000000,1,20,1,2,AAPL
2022-01-03T11:27:23.612456440Z,2022-01-03T11:27:23.612446220Z,10,2,27,C,N,2,178.310000000,30,130,10220,5015753,178.390000000,178.450000000,1,50,1,1,178.320000000,178.490000000,900,83,2,2,178.300000000,178.500000000,768,115,8,3,178.280000000,178.540000000,54,31,3,1,178.270000000,178.550000000,46,1,3,1,178.260000000,178.560000000,1,400,1,1,178.250000000,178.590000000,38,20,4,1,178.240000000,178.610000000,6,1,2,1,178.230000000,178.690000000,1,260,1,1,178.220000000,178.800000000,1,20,1,2,AAPL
2022-01-03T11:27:23.627038359Z,2022-01-03T11:27:23.627027524Z,10,2,10600,A,N,6,1135.980000000,100,130,10835,5015757,1135.050000000,1135.300000000,17,30,1,1,1135.000000000,1135.380000000,538,2,2,1,1134.920000000,1135.580000000,100,50,1,1,1134.530000000,1135.800000000,6,1,1,1,1134.500000000,1135.890000000,1,9,1,1,1134.380000000,1135.940000000,7,100,1,1,1134.300000000,1135.980000000,21,100,2,1,1134.230000000,1136.000000000,2,35,1,6,1134.000000000,1136.030000000,1021,1,3,1,1133.670000000,1136.230000000,9,6,1,1,TSLA
2022-01-03T11:27:23.645045377Z,2022-01-03T11:27:23.645034807Z,10,2,10600,A,N,5,1135.940000000,100,130,10570,5015786,1135.050000000,1135.300000000,17,30,1,1,1135.000000000,1135.380000000,538,2,2,1,1134.920000000,1135.580000000,100,50,1,1,1134.530000000,1135.800000000,6,1,1,1,1134.500000000,1135.890000000,1,9,1,1,1134.380000000,1135.940000000,7,200,1,2,1134.300000000,1136.000000000,21,35,2,6,1134.230000000,1136.030000000,2,1,1,1,1134.000000000,1136.230000000,1021,6,3,1,1133.670000000,1136.390000000,9,100,1,1,TSLA
2022-01-03T11:27:24.589754536Z,2022-01-03T11:27:24.589743950Z,10,2,10600,A,N,1,1135.380000000,1,130,10586,5016262,1135.050000000,1135.300000000,17,30,1,1,1135.000000000,1135.380000000,538,3,2,2,1134.920000000,1135.580000000,100,50,1,1,1134.530000000,1135.800000000,6,1,1,1,1134.500000000,1135.890000000,1,9,1,1,1134.380000000,1135.940000000,7,200,1,2,1134.300000000,1136.000000000,21,35,2,6,1134.230000000,1136.030000000,2,1,1,1,1134.000000000,1136.230000000,1021,6,3,1,1133.670000000,1136.390000000,9,100,1,1,TSLA
2022-01-03T11:27:24.925651833Z,2022-01-03T11:27:24.925641343Z,10,2,10600,A,N,1,1135.380000000,10,130,10490,5016394,1135.050000000,1135.300000000,17,30,1,1,1135.000000000,1135.380000000,538,13,2,3,1134.920000000,1135.580000000,100,50,1,1,1134.530000000,1135.800000000,6,1,1,1,1134.500000000,1135.890000000,1,9,1,1,1134.380000000,1135.940000000,7,200,1,2,1134.300000000,1136.000000000,21,35,2,6,1134.230000000,1136.030000000,2,1,1,1,1134.000000000,1136.230000000,1021,6,3,1,1133.670000000,1136.390000000,9,100,1,1,TSLA
2022-01-03T11:27:24.941671326Z,2022-01-03T11:27:24.941660344Z,10,2,27,A,N,3,178.280000000,28,130,10982,5016397,178.390000000,178.450000000,1,50,1,1,178.320000000,178.490000000,900,83,2,2,178.300000000,178.500000000,768,115,8,3,178.280000000,178.540000000,82,31,4,1,178.270000000,178.550000000,46,1,3,1,178.260000000,178.560000000,1,400,1,1,178.250000000,178.590000000,38,20,4,1,178.240000000,178.610000000,6,1,2,1,178.230000000,178.690000000,1,260,1,1,178.220000000,178.800000000,1,20,1,2,AAPL
2022-01-03T11:27:25.338658042Z,2022-01-03T11:27:25.338647362Z,10,2,10600,C,N,6,1136.000000000,10,130,10680,5016501,1135.050000000,1135.300000000,17,30,1,1,1135.000000000,1135.380000000,538,13,2,3,1134.920000000,1135.580000000,100,50,1,1,1134.530000000,1135.800000000,6,1,1,1,1134.500000000,1135.890000000,1,9,1,1,1134.380000000,1135.940000000,7,200,1,2,1134.300000000,1136.000000000,21,25,2,5,1134.230000000,1136.030000000,2,1,1,1,1134.000000000,1136.230000000,1021,6,3,1,1133.670000000,1136.390000000,9,100,1,1,TSLA
2022-01-03T11:27:25.340184241Z,2022-01-03T11:27:25.340172410Z,10,2,10600,T,N,0,1135.130000000,10,130,11831,5016503,1135.050000000,1135.300000000,17,30,1,1,1135.000000000,1135.380000000,538,13,2,3,1134.920000000,1135.580000000,100,50,1,1,1134.530000000,1135.800000000,6,1,1,1,1134.500000000,1135.890000000,1,9,1,1,1134.380000000,1135.940000000,7,200,1,2,1134.300000000,1136.000000000,21,25,2,5,1134.230000000,1136.030000000,2,1,1,1,1134.000000000,1136.230000000,1021,6,3,1,1133.670000000,1136.390000000,9,100,1,1,TSLA
2022-01-03T11:27:26.149519316Z,2022-01-03T11:27:26.149508998Z,10,2,10600,C,N,5,1134.380000000,7,130,10318,5016772,1135.050000000,1135.300000000,17,30,1,1,1135.000000000,1135.380000000,538,13,2,3,1134.920000000,1135.580000000,100,50,1,1,1134.530000000,1135.800000000,6,1,1,1,1134.500000000,1135.890000000,1,9,1,1,1134.300000000,1135.940000000,21,200,2,2,1134.230000000,1136.000000000,2,25,1,5,1134.000000000,1136.030000000,1021,1,3,1,1133.670000000,1136.230000000,9,6,1,1,1133.050000000,1136.390000000,1,100,1,1,TSLA
2022-01-03T11:27:26.170457012Z,2022-01-03T11:27:26.170446300Z,10,2,27,A,N,0,178.450000000,20,130,10712,5016777,178.390000000,178.450000000,1,70,1,2,178.320000000,178.490000000,900,83,2,2,178.300000000,178.500000000,768,115,8,3,178.280000000,178.540000000,82,31,4,1,178.270000000,178.550000000,46,1,3,1,178.260000000,178.560000000,1,400,1,1,178.250000000,178.590000000,38,20,4,1,178.240000000,178.610000000,6,1,2,1,178.230000000,178.690000000,1,260,1,1,178.220000000,178.800000000,1,20,1,2,AAPL
2022-01-03T11:27:26.306424267Z,2022-01-03T11:27:26.306413461Z,10,2,11601,A,N,2,61.860000000,43,130,10806,5016805,61.710000000,61.830000000,6,502,1,2,61.700000000,61.850000000,710,50,3,1,61.670000000,61.860000000,50,45,1,2,61.650000000,61.880000000,1403,42,5,1,61.630000000,61.890000000,5,600,1,1,61.590000000,61.900000000,10,50,1,1,61.530000000,61.960000000,508,3,2,1,61.520000000,62.000000000,112,15,1,1,61.500000000,62.100000000,181,30,2,2,61.490000000,62.200000000,35,10,1,1,XOM
2022-01-03T11:27:26.690128117Z,2022-01-03T11:27:26.690117722Z,10,2,27,C,N,1,178.320000000,400,130,10395,5016891,178.390000000,178.450000000,1,70,1,2,178.320000000,178.490000000,500,83,1,2,178.300000000,178.500000000,768,115,8,3,178.280000000,178.540000000,82,31,4,1,178.270000000,178.550000000,46,1,3,1,178.260000000,178.560000000,1,400,1,1,178.250000000,178.590000000,38,20,4,1,178.240000000,178.610000000,6,1,2,1,178.230000000,178.690000000,1,260,1,1,178.220000000,178.800000000,1,20,1,2,AAPL
2022-01-03T11:27:26.744867749Z,2022-01-03T11:27:26.744857043Z,10,2,27,A,N,7,178.240000000,400,130,10706,5016899,178.390000000,178.450000000,1,70,1,2,178.320000000,178.490000000,500,83,1,2,178.300000000,178.500000000,768,115,8,3,178.280000000,178.540000000,82,31,4,1,178.270000000,178.550000000,46,1,3,1,178.260000000,178.560000000,1,400,1,1,178.250000000,178.590000000,38,20,4,1,178.240000000,178.610000000,406,1,3,1,178.230000000,178.690000000,1,260,1,1,178.220000000,178.800000000,1,20,1,2,AAPL
2022-01-03T11:27:26.863112084Z,2022-01-03T11:27:26.863099611Z,10,2,7627,T,N,0,299.700000000,5,130,12473,5016977,299.640000000,299.800000000,5,5,3,1,299.500000000,299.900000000,43,100,2,1,299.460000000,299.920000000,1,93,1,2,299.420000000,299.930000000,268,20,3,1,299.320000000,299.940000000,101,1,2,1,299.300000000,299.950000000,1,36,1,1,299.150000000,299.980000000,3,18,2,1,299.140000000,299.990000000,20,201,1,2,299.120000000,300.000000000,100,665,1,33,299.000000000,300.030000000,240,200,12,1,NVDA
2022-01-03T11:27:27.781012594Z,2022-01-03T11:27:27.781001635Z,10,2,5993,C,N,1,159.810000000,6,130,10959,5017253,159.690000000,159.750000000,1,500,1,1,159.450000000,159.930000000,1,200,1,1,159.420000000,160.000000000,701,195,2,5,159.390000000,160.220000000,7,30,2,1,159.360000000,160.250000000,4,7,2,1,159.300000000,160.300000000,208,51,3,2,159.250000000,161.000000000,1,24,1,3,159.200000000,161.860000000,4,5,1,1,159.170000000,162.000000000,1,9,1,2,159.000000000,163.000000000,27,2,4,1,JPM
2022-01-03T11:27:27.781087599Z,2022-01-03T11:27:27.781076883Z,10,2,5993,A,N,1,159.860000000,6,130,10716,5017254,159.690000000,159.750000000,1,500,1,1,159.450000000,159.860000000,1,6,1,1,159.420000000,159.930000000,701,200,2,1,159.390000000,160.000000000,7,195,2,5,159.360000000,160.220000000,4,30,2,1,159.300000000,160.250000000,208,7,3,1,159.250000000,160.300000000,1,51,1,2,159.200000000,161.000000000,4,24,1,3,159.170000000,161.860000000,1,5,1,1,159.000000000,162.000000000,27,9,4,2,JPM
2022-01-03T11:27:30.445772722Z,2022-01-03T11:27:30.445762320Z,10,2,10600,C,N,1,1135.380000000,1,130,10402,5018011,1135.050000000,1135.300000000,17,30,1,1,1135.000000000,1135.380000000,538,12,2,2,1134.920000000,1135.580000000,100,50,1,1,1134.530000000,1135.800000000,6,1,1,1,1134.500000000,1135.890000000,1,9,1,1,1134.300000000,1135.940000000,21,200,2,2,1134.230000000,1136.000000000,2,25,1,5,1134.000000000,1136.030000000,1021,1,3,1,1133.670000000,1136.230000000,9,6,1,1,1133.050000000,1136.390000000,1,100,1,1,TSLA
2022-01-03T11:27:30.717360451Z,2022-01-03T11:27:30.717350090Z,10,2,27,C,N,3,178.280000000,28,130,10361,5018086,178.390000000,178.450000000,1,70,1,2,178.320000000,178.490000000,500,83,1,2,178.300000000,178.500000000,768,115,8,3,178.280000000,178.540000000,54,31,3,1,178.270000000,178.550000000,46,1,3,1,178.260000000,178.560000000,1,400,1,1,178.250000000,178.590000000,38,20,4,1,178.240000000,178.610000000,406,1,3,1,178.230000000,178.690000000,1,260,1,1,178.220000000,178.800000000,1,20,1,2,AAPL
2022-01-03T11:27:30.717420861Z,2022-01-03T11:27:30.717410204Z,10,2,27,A,N,2,178.310000000,28,130,10657,5018087,178.390000000,178.450000000,1,70,1,2,178.320000000,178.490000000,500,83,1,2,178.310000000,178.500000000,28,115,1,3,178.300000000,178.540000000,768,31,8,1,178.280000000,178.550000000,54,1,3,1,178.270000000,178.560000000,46,400,3,1,178.260000000,178.590000000,1,20,1,1,178.250000000,178.610000000,38,1,4,1,178.240000000,178.690000000,406,260,3,1,178.230000000,178.800000000,1,20,1,2,AAPL
2022-01-03T11:27:30.817685738Z,2022-01-03T11:27:30.817674815Z,10,2,27,A,N,1,178.320000000,400,130,10923,5018112,178.390000000,178.450000000,1,70,1,2,178.320000000,178.490000000,900,83,2,2,178.310000000,178.500000000,28,115,1,3,178.300000000,178.540000000,768,31,8,1,178.280000000,178.550000000,54,1,3,1,178.270000000,178.560000000,46,400,3,1,178.260000000,178.590000000,1,20,1,1,178.250000000,178.610000000,38,1,4,1,178.240000000,178.690000000,6,260,2,1,178.230000000,178.800000000,1,20,1,2,AAPL
2022-01-03T11:27:30.831332214Z,2022-01-03T11:27:30.831320329Z,10,2,10930,T,N,0,217.650000000,10,130,11885,5018118,217.400000000,217.680000000,1,3,1,2,217.380000000,217.690000000,25,1,1,1,217.370000000,217.800000000,100,21,1,1,217.320000000,217.910000000,100,23,1,1,217.240000000,217.980000000,9,70,3,1,217.200000000,218.000000000,4,19,1,4,217.100000000,218.040000000,20,100,1,1,217.060000000,218.160000000,41,1,1,1,216.780000000,219.000000000,12,37,4,4,216.760000000,219.290000000,100,1,1,1,V
2022-01-03T11:27:30.847218416Z,2022-01-03T11:27:30.847207848Z,10,2,10600,A,N,9,1133.500000000,1,130,10568,5018119,1135.050000000,1135.300000000,17,30,1,1,1135.000000000,1135.380000000,538,12,2,2,1134.920000000,1135.580000000,100,50,1,1,1134.530000000,1135.800000000,6,1,1,1,1134.500000000,1135.890000000,1,9,1,1,1134.300000000,1135.940000000,21,200,2,2,1134.230000000,1136.000000000,2,25,1,5,1134.000000000,1136.030000000,1021,1,3,1,1133.670000000,1136.230000000,9,6,1,1,1133.500000000,1136.390000000,1,100,1,1,TSLA
2022-01-03T11:27:31.108223885Z,2022-01-03T11:27:31.108213379Z,10,2,27,C,N,3,178.300000000,1,130,10506,5018341,178.390000000,178.450000000,1,70,1,2,178.320000000,178.490000000,900,83,2,2,178.310000000,178.500000000,28,115,1,3,178.300000000,178.540000000,767,31,7,1,178.280000000,178.550000000,54,1,3,1,178.270000000,178.560000000,46,400,3,1,178.260000000,178.590000000,1,20,1,1,178.250000000,178.610000000,38,1,4,1,178.240000000,178.690000000,6,260,2,1,178.230000000,178.800000000,1,20,1,2,AAPL
2022-01-03T11:27:31.113595396Z,2022-01-03T11:27:31.113584611Z,10,2,27,A,N,1,178.320000000,1,130,10785,5018347,178.390000000,178.450000000,1,70,1,2,178.320000000,178.490000000,901,83,3,2,178.310000000,178.500000000,28,115,1,3,178.300000000,178.540000000,767,31,7,1,178.280000000,178.550000000,54,1,3,1,178.270000000,178.560000000,46,400,3,1,178.260000000,178.590000000,1,20,1,1,178.250000000,178.610000000,38,1,4,1,178.240000000,178.690000000,6,260,2,1,178.230000000,178.800000000,1,20,1,2,AAPL
2022-01-03T11:27:31.138105809Z,2022-01-03T11:27:31.138094901Z,10,2,10600,A,N,0,1135.300000000,1,130,10908,5018350,1135.050000000,1135.300000000,17,31,1,2,1135.000000000,1135.380000000,538,12,2,2,1134.920000000,1135.580000000,100,50,1,1,1134.530000000,1135.800000000,6,1,1,1,1134.500000000,1135.890000000,1,9,1,1,1134.300000000,1135.940000000,21,200,2,2,1134.230000000,1136.000000000,2,25,1,5,1134.000000000,1136.030000000,1021,1,3,1,1133.670000000,1136.230000000,9,6,1,1,1133.500000000,1136.390000000,1,100,1,1,TSLA
2022-01-03T11:27:31.208249412Z,2022-01-03T11:27:31.208239107Z,10,2,10600,C,N,8,1136.230000000,6,130,10305,5018372,1135.050000000,1135.300000000,17,31,1,2,1135.000000000,1135.380000000,538,12,2,2,1134.920000000,1135.580000000,100,50,1,1,1134.530000000,1135.800000000,6,1,1,1,1134.500000000,1135.890000000,1,9,1,1,1134.300000000,1135.940000000,21,200,2,2,1134.230000000,1136.000000000,2,25,1,5,1134.000000000,1136.030000000,1021,1,3,1,1133.670000000,1136.390000000,9,100,1,1,1133.500000000,1136.500000000,1,50,1,1,TSLA
2022-01-03T11:27:31.208363786Z,2022-01-03T11:27:31.208352656Z,10,2,10600,A,N,7,1136.010000000,6,130,11130,5018373,1135.050000000,1135.300000000,17,31,1,2,1135.000000000,1135.380000000,538,12,2,2,1134.920000000,1135.580000000,100,50,1,1,1134.530000000,1135.800000000,6,1,1,1,1134.500000000,1135.890000000,1,9,1,1,1134.300000000,1135.940000000,21,200,2,2,1134.230000000,1136.000000000,2,25,1,5,1134.000000000,1136.010000000,1021,6,3,1,1133.670000000,1136.030000000,9,1,1,1,1133.500000000,1136.390000000,1,100,1,1,TSLA
2022-01-03T11:27:31.208438798Z,2022-01-03T11:27:31.208428242Z,10,2,27,C,N,2,178.310000000,28,130,10556,5018374,178.390000000,178.450000000,1,70,1,2,178.320000000,178.490000000,901,83,3,2,178.300000000,178.500000000,767,115,7,3,178.280000000,178.540000000,54,31,3,1,178.270000000,178.550000000,46,1,3,1,178.260000000,178.560000000,1,400,1,1,178.250000000,178.590000000,38,20,4,1,178.240000000,178.610000000,6,1,2,1,178.230000000,178.690000000,1,260,1,1,178.220000000,178.800000000,1,20,1,2,AAPL
2022-01-03T11:27:31.284766219Z,2022-01-03T11:27:31.284754584Z,10,2,7119,T,N,0,337.920000000,1,130,11635,5018394,337.700000000,337.930000000,14,187,7,1,337.630000000,338.000000000,10,1,1,1,337.620000000,338.060000000,6,15,1,1,337.610000000,338.250000000,5,1,1,1,337.600000000,338.400000000,4,100,2,1,337.550000000,338.500000000,30,9,1,3,337.520000000,338.580000000,10,1,1,1,337.500000000,338.800000000,13,4,4,2,337.460000000,338.850000000,17,1526,1,1,337.370000000,338.900000000,10,1,1,1,MSFT
2022-01-03T11:27:31.316846333Z,2022-01-03T11:27:31.316835506Z,10,2,10600,A,N,3,1135.780000000,100,130,10827,5018414,1135.050000000,1135.300000000,17,31,1,2,1135.000000000,1135.380000000,538,12,2,2,1134.920000000,1135.580000000,100,50,1,1,1134.530000000,1135.780000000,6,100,1,1,1134.500000000,1135.800000000,1,1,1,1,1134.300000000,1135.890000000,21,9,2,1,1134.230000000,1135.940000000,2,100,1,1,1134.000000000,1136.000000000,1021,25,3,5,1133.670000000,1136.010000000,9,6,1,1,1133.500000000,1136.030000000,1,1,1,1,TSLA
2022-01-03T11:27:31.948312498Z,2022-01-03T11:27:31.948302221Z,10,2,5993,C,N,1,159.860000000,6,130,10277,5018675,159.690000000,159.750000000,1,500,1,1,159.450000000,159.930000000,1,200,1,1,159.420000000,160.000000000,701,195,2,5,159.390000000,160.220000000,7,30,2,1,159.360000000,160.250000000,4,7,2,1,159.300000000,160.300000000,208,51,3,2,159.250000000,161.000000000,1,24,1,3,159.200000000,161.860000000,4,5,1,1,159.170000000,162.000000000,1,9,1,2,159.000000000,163.000000000,27,2,4,1,JPM
2022-01-03T11:27:31.948405981Z,2022-01-03T11:27:31.948395407Z,10,2,5993,A,N,1,159.830000000,6,130,10574,5018676,159.690000000,159.750000000,1,500,1,1,159.450000000,159.830000000,1,6,1,1,159.420000000,159.930000000,701,200,2,1,159.390000000,160.000000000,7,195,2,5,159.360000000,160.220000000,4,30,2,1,159.300000000,160.250000000,208,7,3,1,159.250000000,160.300000000,1,51,1,2,159.200000000,161.000000000,4,24,1,3,159.170000000,161.860000000,1,5,1,1,159.000000000,162.000000000,27,9,4,2,JPM
2022-01-03T11:27:32.017647266Z,2022-01-03T11:27:32.017631311Z,10,2,10600,T,B,0,1135.300000000,30,0,15955,5018696,1135.050000000,1135.300000000,17,31,1,2,1135.000000000,1135.380000000,538,12,2,2,1134.920000000,1135.580000000,100,50,1,1,1134.530000000,1135.780000000,6,100,1,1,1134.500000000,1135.800000000,1,1,1,1,1134.300000000,1135.890000000,21,9,2,1,1134.230000000,1135.940000000,2,100,1,1,1134.000000000,1136.000000000,1021,25,3,5,1133.670000000,1136.010000000,9,6,1,1,1133.500000000,1136.030000000,1,1,1,1,TSLA
2022-01-03T11:27:32.017647266Z,2022-01-03T11:27:32.017631311Z,10,2,10600,T,B,0,1135.300000000,1,0,15955,5018697,1135.050000000,1135.300000000,17,1,1,1,1135.000000000,1135.380000000,538,12,2,2,1134.920000000,1135.580000000,100,50,1,1,1134.530000000,1135.780000000,6,100,1,1,1134.500000000,1135.800000000,1,1,1,1,1134.300000000,1135.890000000,21,9,2,1,1134.230000000,1135.940000000,2,100,1,1,1134.000000000,1136.000000000,1021,25,3,5,1133.670000000,1136.010000000,9,6,1,1,1133.500000000,1136.030000000,1,1,1,1,TSLA
2022-01-03T11:27:32.017647266Z,2022-01-03T11:27:32.017631311Z,10,2,10600,T,B,0,1135.380000000,2,0,15955,5018698,1135.050000000,1135.380000000,17,12,1,2,1135.000000000,1135.580000000,538,50,2,1,1134.920000000,1135.780000000,100,100,1,1,1134.530000000,1135.800000000,6,1,1,1,1134.500000000,1135.890000000,1,9,1,1,1134.300000000,1135.940000000,21,100,2,1,1134.230000000,1136.000000000,2,25,1,5,1134.000000000,1136.010000000,1021,6,3,1,1133.670000000,1136.030000000,9,1,1,1,1133.500000000,1136.390000000,1,100,1,1,TSLA
2022-01-03T11:27:32.017647266Z,2022-01-03T11:27:32.017631311Z,10,2,10600,T,B,0,1135.380000000,10,130,15955,5018699,1135.050000000,1135.380000000,17,10,1,1,1135.000000000,1135.580000000,538,50,2,1,1134.920000000,1135.780000000,100,100,1,1,1134.530000000,1135.800000000,6,1,1,1,1134.500000000,1135.890000000,1,9,1,1,1134.300000000,1135.940000000,21,100,2,1,1134.230000000,1136.000000000,2,25,1,5,1134.000000000,1136.010000000,1021,6,3,1,1133.670000000,1136.030000000,9,1,1,1,1133.500000000,1136.390000000,1,100,1,1,TSLA
2022-01-03T11:27:32.017647266Z,2022-01-03T11:27:32.017631311Z,10,2,10600,C,N,0,1135.380000000,10,130,15955,5018699,1135.050000000,1135.580000000,17,50,1,1,1135.000000000,1135.780000000,538,100,2,1,1134.920000000,1135.800000000,100,1,1,1,1134.530000000,1135.890000000,6,9,1,1,1134.500000000,1135.940000000,1,100,1,1,1134.300000000,1136.000000000,21,25,2,5,1134.230000000,1136.010000000,2,6,1,1,1134.000000000,1136.030000000,1021,1,3,1,1133.670000000,1136.390000000,9,100,1,1,1133.500000000,1136.500000000,1,50,1,1,TSLA
2022-01-03T11:27:32.085340179Z,2022-01-03T11:27:32.085330035Z,10,2,10600,C,N,1,1135.780000000,100,130,10144,5018741,1135.050000000,1135.580000000,17,50,1,1,1135.000000000,1135.800000000,538,1,2,1,1134.920000000,1135.890000000,100,9,1,1,1134.530000000,1135.940000000,6,100,1,1,1134.500000000,1136.000000000,1,25,1,5,1134.300000000,1136.010000000,21,6,2,1,1134.230000000,1136.030000000,2,1,1,1,1134.000000000,1136.390000000,1021,100,3,1,1133.670000000,1136.500000000,9,50,1,1,1133.500000000,1136.520000000,1,500,1,1,TSLA
2022-01-03T11:27:32.085354462Z,2022-01-03T11:27:32.085343327Z,10,2,10600,C,N,4,1136.010000000,6,130,11135,5018743,1135.050000000,1135.580000000,17,50,1,1,1135.000000000,1135.800000000,538,1,2,1,1134.920000000,1135.890000000,100,9,1,1,1134.530000000,1135.940000000,6,100,1,1,1134.500000000,1135.980000000,1,100,1,1,1134.300000000,1136.000000000,21,25,2,5,1134.230000000,1136.030000000,2,1,1,1,1134.000000000,1136.390000000,1021,100,3,1,1133.670000000,1136.500000000,9,50,1,1,1133.500000000,1136.520000000,1,500,1,1,TSLA
2022-01-03T11:27:32.298323400Z,2022-01-03T11:27:32.298312782Z,10,2,10600,A,N,2,1134.930000000,100,130,10618,5018804,1135.050000000,1135.580000000,17,50,1,1,1135.000000000,1135.800000000,538,1,2,1,1134.930000000,1135.890000000,100,9,1,1,1134.530000000,1135.940000000,6,100,1,1,1134.500000000,1135.980000000,1,100,1,1,1134.300000000,1136.000000000,21,25,2,5,1134.230000000,1136.030000000,2,1,1,1,1134.000000000,1136.390000000,1021,100,3,1,1133.670000000,1136.500000000,9,50,1,1,1133.500000000,1136.520000000,1,500,1,1,TSLA
2022-01-03T11:27:33.549386575Z,2022-01-03T11:27:33.549375046Z,10,2,10600,A,N,7,1136.350000000,6,130,11529,5019262,1135.050000000,1135.580000000,17,50,1,1,1135.000000000,1135.800000000,538,1,2,1,1134.930000000,1135.890000000,100,9,1,1,1134.530000000,1135.940000000,6,100,1,1,1134.500000000,1135.980000000,1,100,1,1,1134.300000000,1136.000000000,21,25,2,5,1134.230000000,1136.030000000,2,1,1,1,1134.000000000,1136.350000000,1021,6,3,1,1133.670000000,1136.390000000,9,100,1,1,1133.500000000,1136.500000000,1,50,1,1,TSLA
2022-01-03T11:27:33.565401569Z,2022-01-03T11:27:33.565391290Z,10,2,10600,C,N,2,1134.930000000,100,130,10279,5019263,1135.050000000,1135.580000000,17,50,1,1,1135.000000000,1135.800000000,538,1,2,1,1134.530000000,1135.890000000,6,9,1,1,1134.500000000,1135.940000000,1,100,1,1,1134.300000000,1135.980000000,21,100,2,1,1134.230000000,1136.000000000,2,25,1,5,1134.000000000,1136.030000000,1021,1,3,1,1133.670000000,1136.350000000,9,6,1,1,1133.500000000,1136.390000000,1,100,1,1,1133.050000000,1136.500000000,1,50,1,1,TSLA
2022-01-03T11:27:33.565414533Z,2022-01-03T11:27:33.565403783Z,10,2,10600,A,N,2,1134.720000000,100,130,10750,5019264,1135.050000000,1135.580000000,17,50,1,1,1135.000000000,1135.800000000,538,1,2,1,1134.720000000,1135.890000000,100,9,1,1,1134.530000000,1135.940000000,6,100,1,1,1134.500000000,1135.980000000,1,100,1,1,1134.300000000,1136.000000000,21,25,2,5,1134.230000000,1136.030000000,2,1,1,1,1134.000000000,1136.350000000,1021,6,3,1,1133.670000000,1136.390000000,9,100,1,1,1133.500000000,1136.500000000,1,50,1,1,TSLA
2022-01-03T11:27:34.956400983Z,2022-01-03T11:27:34.956390238Z,10,2,27,A,N,3,178.280000000,29,130,10745,5019821,178.390000000,178.450000000,1,70,1,2,178.320000000,178.490000000,901,83,3,2,178.300000000,178.500000000,767,115,7,3,178.280000000,178.540000000,83,31,4,1,178.270000000,178.550000000,46,1,3,1,178.260000000,178.560000000,1,400,1,1,178.250000000,178.590000000,38,20,4,1,178.240000000,178.610000000,6,1,2,1,178.230000000,178.690000000,1,260,1,1,178.220000000,178.800000000,1,20,1,2,AAPL
2022-01-03T11:27:36.310766614Z,2022-01-03T11:27:36.310756289Z,10,2,11601,C,N,2,61.860000000,43,130,10325,5021167,61.710000000,61.830000000,6,502,1,2,61.700000000,61.850000000,710,50,3,1,61.670000000,61.860000000,50,2,1,1,61.650000000,61.880000000,1403,42,5,1,61.630000000,61.890000000,5,600,1,1,61.590000000,61.900000000,10,50,1,1,61.530000000,61.960000000,508,3,2,1,61.520000000,62.000000000,112,15,1,1,61.500000000,62.100000000,181,30,2,2,61.490000000,62.200000000,35,10,1,1,XOM
2022-01-03T11:27:36.310831390Z,2022-01-03T11:27:36.310820732Z,10,2,11601,A,N,1,61.840000000,47,130,10658,5021168,61.710000000,61.830000000,6,502,1,2,61.700000000,61.840000000,710,47,3,1,61.670000000,61.850000000,50,50,1,1,61.650000000,61.860000000,1403,2,5,1,61.630000000,61.880000000,5,42,1,1,61.590000000,61.890000000,10,600,1,1,61.530000000,61.900000000,508,50,2,1,61.520000000,61.960000000,112,3,1,1,61.500000000,62.000000000,181,15,2,1,61.490000000,62.100000000,35,30,1,2,XOM
2022-01-03T11:27:36.311518631Z,2022-01-03T11:27:36.311508375Z,10,2,11601,C,N,1,61.840000000,47,130,10256,5021169,61.710000000,61.830000000,6,502,1,2,61.700000000,61.850000000,710,50,3,1,61.670000000,61.860000000,50,2,1,1,61.650000000,61.880000000,1403,42,5,1,61.630000000,61.890000000,5,600,1,1,61.590000000,61.900000000,10,50,1,1,61.530000000,61.960000000,508,3,2,1,61.520000000,62.000000000,112,15,1,1,61.500000000,62.100000000,181,30,2,2,61.490000000,62.200000000,35,10,1,1,XOM
2022-01-03T11:27:36.314541541Z,2022-01-03T11:27:36.314531116Z,10,2,11601,C,N,3,61.650000000,600,130,10425,5021172,61.710000000,61.830000000,6,502,1,2,61.700000000,61.850000000,710,50,3,1,61.670000000,61.860000000,50,2,1,1,61.650000000,61.880000000,803,42,4,1,61.630000000,61.890000000,5,600,1,1,61.590000000,61.900000000,10,50,1,1,61.530000000,61.960000000,508,3,2,1,61.520000000,62.000000000,112,15,1,1,61.500000000,62.100000000,181,30,2,2,61.490000000,62.200000000,35,10,1,1,XOM
2022-01-03T11:27:36.349220678Z,2022-01-03T11:27:36.349210323Z,10,2,11601,C,N,1,61.850000000,50,130,10355,5021210,61.710000000,61.830000000,6,502,1,2,61.700000000,61.860000000,710,2,3,1,61.670000000,61.880000000,50,42,1,1,61.650000000,61.890000000,803,600,4,1,61.630000000,61.900000000,5,50,1,1,61.590000000,61.960000000,10,3,1,1,61.530000000,62.000000000,508,15,2,1,61.520000000,62.100000000,112,30,1,2,61.500000000,62.200000000,181,10,2,1,61.490000000,62.300000000,35,10,1,1,XOM
2022-01-03T11:27:36.352301724Z,2022-01-03T11:27:36.352290478Z,10,2,11601,A,N,1,61.840000000,50,130,11246,5021218,61.710000000,61.830000000,6,502,1,2,61.700000000,61.840000000,710,50,3,1,61.670000000,61.860000000,50,2,1,1,61.650000000,61.880000000,803,42,4,1,61.630000000,61.890000000,5,600,1,1,61.590000000,61.900000000,10,50,1,1,61.530000000,61.960000000,508,3,2,1,61.520000000,62.000000000,112,15,1,1,61.500000000,62.100000000,181,30,2,2,61.490000000,62.200000000,35,10,1,1,XOM
2022-01-03T11:27:36.370790407Z,2022-01-03T11:27:36.370779354Z,10,2,11601,A,N,5,61.620000000,600,130,11053,5021224,61.710000000,61.830000000,6,502,1,2,61.700000000,61.840000000,710,50,3,1,61.670000000,61.860000000,50,2,1,1,61.650000000,61.880000000,803,42,4,1,61.630000000,61.890000000,5,600,1,1,61.620000000,61.900000000,600,50,1,1,61.590000000,61.960000000,10,3,1,1,61.530000000,62.000000000,508,15,2,1,61.520000000,62.100000000,112,30,1,2,61.500000000,62.200000000,181,10,2,1,XOM
2022-01-03T11:27:36.424817323Z,2022-01-03T11:27:36.424806666Z,10,2,11601,A,N,2,61.860000000,600,130,10657,5021233,61.710000000,61.830000000,6,502,1,2,61.700000000,61.840000000,710,50,3,1,61.670000000,61.860000000,50,602,1,2,61.650000000,61.880000000,803,42,4,1,61.630000000,61.900000000,5,50,1,1,61.620000000,61.960000000,600,3,1,1,61.590000000,62.000000000,10,15,1,1,61.530000000,62.100000000,508,30,2,2,61.520000000,62.200000000,112,10,1,1,61.500000000,62.300000000,181,10,2,1,XOM
2022-01-03T11:27:36.442402705Z,2022-01-03T11:27:36.442392204Z,10,2,10600,A,N,3,1135.920000000,100,130,10501,5021261,1135.050000000,1135.580000000,17,50,1,1,1135.000000000,1135.800000000,538,1,2,1,1134.720000000,1135.890000000,100,9,1,1,1134.530000000,1135.920000000,6,100,1,1,1134.500000000,1135.940000000,1,100,1,1,1134.300000000,1136.000000000,21,25,2,5,1134.230000000,1136.030000000,2,1,1,1,1134.000000000,1136.350000000,1021,6,3,1,1133.670000000,1136.390000000,9,100,1,1,1133.500000000,1136.500000000,1,50,1,1,TSLA
2022-01-03T11:27:37.288388229Z,2022-01-03T11:27:37.288377448Z,10,2,11601,A,N,0,61.820000000,47,130,10781,5021629,61.710000000,61.820000000,6,47,1,1,61.700000000,61.830000000,710,502,3,2,61.670000000,61.840000000,50,50,1,1,61.650000000,61.860000000,803,602,4,2,61.630000000,61.880000000,5,42,1,1,61.620000000,61.900000000,600,50,1,1,61.590000000,61.960000000,10,3,1,1,61.530000000,62.000000000,508,15,2,1,61.520000000,62.100000000,112,30,1,2,61.500000000,62.200000000,181,10,2,1,XOM
2022-01-03T11:27:37.323737867Z,2022-01-03T11:27:37.323727467Z,10,2,11601,C,N,2,61.840000000,50,130,10400,5021638,61.710000000,61.820000000,6,47,1,1,61.700000000,61.830000000,710,502,3,2,61.670000000,61.860000000,50,602,1,2,61.650000000,61.880000000,803,42,4,1,61.630000000,61.900000000,5,50,1,1,61.620000000,61.960000000,600,3,1,1,61.590000000,62.000000000,10,15,1,1,61.530000000,62.100000000,508,30,2,2,61.520000000,62.200000000,112,10,1,1,61.500000000,62.300000000,181,10,2,1,XOM
2022-01-03T11:27:37.326938770Z,2022-01-03T11:27:37.326927992Z,10,2,11601,A,N,1,61.830000000,50,130,10778,5021639,61.710000000,61.820000000,6,47,1,1,61.700000000,61.830000000,710,552,3,3,61.670000000,61.860000000,50,602,1,2,61.650000000,61.880000000,803,42,4,1,61.630000000,61.900000000,5,50,1,1,61.620000000,61.960000000,600,3,1,1,61.590000000,62.000000000,10,15,1,1,61.530000000,62.100000000,508,30,2,2,61.520000000,62.200000000,112,10,1,1,61.500000000,62.300000000,181,10,2,1,XOM
2022-01-03T11:27:37.584403239Z,2022-01-03T11:27:37.584392578Z,10,2,7627,A,N,0,299.700000000,69,130,10661,5021799,299.640000000,299.700000000,5,69,3,1,299.500000000,299.800000000,43,5,2,1,299.460000000,299.900000000,1,100,1,1,299.420000000,299.920000000,268,93,3,2,299.320000000,299.930000000,101,20,2,1,299.300000000,299.940000000,1,1,1,1,299.150000000,299.950000000,3,36,2,1,299.140000000,299.980000000,20,18,1,1,299.120000000,299.990000000,100,201,1,2,299.000000000,300.000000000,240,665,12,33,NVDA
2022-01-03T11:27:37.829987339Z,2022-01-03T11:27:37.829977123Z,10,2,5993,C,N,1,159.830000000,6,130,10216,5021904,159.690000000,159.750000000,1,500,1,1,159.450000000,159.930000000,1,200,1,1,159.420000000,160.000000000,701,195,2,5,159.390000000,160.220000000,7,30,2,1,159.360000000,160.250000000,4,7,2,1,159.300000000,160.300000000,208,51,3,2,159.250000000,161.000000000,1,24,1,3,159.200000000,161.860000000,4,5,1,1,159.170000000,162.000000000,1,9,1,2,159.000000000,163.000000000,27,2,4,1,JPM
2022-01-03T11:27:37.830068893Z,2022-01-03T11:27:37.830058511Z,10,2,5993,A,N,1,159.810000000,6,130,10382,5021905,159.690000000,159.750000000,1,500,1,1,159.450000000,159.810000000,1,6,1,1,159.420000000,159.930000000,701,200,2,1,159.390000000,160.000000000,7,195,2,5,159.360000000,160.220000000,4,30,2,1,159.300000000,160.250000000,208,7,3,1,159.250000000,160.300000000,1,51,1,2,159.200000000,161.000000000,4,24,1,3,159.170000000,161.860000000,1,5,1,1,159.000000000,162.000000000,27,9,4,2,JPM
2022-01-03T11:27:37.872707322Z,2022-01-03T11:27:37.872696729Z,10,2,7627,A,N,7,299.980000000,200,130,10593,5021915,299.640000000,299.700000000,5,69,3,1,299.500000000,299.800000000,43,5,2,1,299.460000000,299.900000000,1,100,1,1,299.420000000,299.920000000,268,93,3,2,299.320000000,299.930000000,101,20,2,1,299.300000000,299.940000000,1,1,1,1,299.150000000,299.950000000,3,36,2,1,299.140000000,299.980000000,20,218,1,2,299.120000000,299.990000000,100,201,1,2,299.000000000,300.000000000,240,665,12,33,NVDA
2022-01-03T11:27:37.975616663Z,2022-01-03T11:27:37.975606150Z,10,2,7627,A,N,7,299.970000000,200,130,10513,5021952,299.640000000,299.700000000,5,69,3,1,299.500000000,299.800000000,43,5,2,1,299.460000000,299.900000000,1,100,1,1,299.420000000,299.920000000,268,93,3,2,299.320000000,299.930000000,101,20,2,1,299.300000000,299.940000000,1,1,1,1,299.150000000,299.950000000,3,36,2,1,299.140000000,299.970000000,20,200,1,1,299.120000000,299.980000000,100,18,1,1,299.000000000,299.990000000,240,201,12,2,NVDA
2022-01-03T11:27:38.075938627Z,2022-01-03T11:27:38.075927958Z,10,2,7627,A,N,6,299.950000000,200,130,10669,5022100,299.640000000,299.700000000,5,69,3,1,299.500000000,299.800000000,43,5,2,1,299.460000000,299.900000000,1,100,1,1,299.420000000,299.920000000,268,93,3,2,299.320000000,299.930000000,101,20,2,1,299.300000000,299.940000000,1,1,1,1,299.150000000,299.950000000,3,236,2,2,299.140000000,299.980000000,20,18,1,1,299.120000000,299.990000000,100,201,1,2,299.000000000,300.000000000,240,665,12,33,NVDA
2022-01-03T11:27:38.461676940Z,2022-01-03T11:27:38.461666810Z,10,2,11601,C,N,2,61.860000000,600,130,10130,5022225,61.710000000,61.820000000,6,47,1,1,61.700000000,61.830000000,710,552,3,3,61.670000000,61.860000000,50,2,1,1,61.650000000,61.880000000,803,42,4,1,61.630000000,61.900000000,5,50,1,1,61.620000000,61.960000000,600,3,1,1,61.590000000,62.000000000,10,15,1,1,61.530000000,62.100000000,508,30,2,2,61.520000000,62.200000000,112,10,1,1,61.500000000,62.300000000,181,10,2,1,XOM
2022-01-03T11:27:38.516362182Z,2022-01-03T11:27:38.516351898Z,10,2,11601,C,N,2,61.670000000,50,130,10284,5022246,61.710000000,61.820000000,6,47,1,1,61.700000000,61.830000000,710,552,3,3,61.650000000,61.860000000,803,2,4,1,61.630000000,61.880000000,5,42,1,1,61.620000000,61.900000000,600,50,1,1,61.590000000,61.960000000,10,3,1,1,61.530000000,62.000000000,508,15,2,1,61.520000000,62.100000000,112,30,1,2,61.500000000,62.200000000,181,10,2,1,61.490000000,62.300000000,35,10,1,1,XOM
2022-01-03T11:27:38.516403652Z,2022-01-03T11:27:38.516393053Z,10,2,11601,C,N,0,61.820000000,47,130,10599,5022247,61.710000000,61.830000000,6,552,1,3,61.700000000,61.860000000,710,2,3,1,61.650000000,61.880000000,803,42,4,1,61.630000000,61.900000000,5,50,1,1,61.620000000,61.960000000,600,3,1,1,61.590000000,62.000000000,10,15,1,1,61.530000000,62.100000000,508,30,2,2,61.520000000,62.200000000,112,10,1,1,61.500000000,62.300000000,181,10,2,1,61.490000000,62.500000000,35,11,1,2,XOM
2022-01-03T11:27:38.516470707Z,2022-01-03T11:27:38.516459749Z,10,2,11601,A,N,0,61.810000000,44,130,10958,5022248,61.710000000,61.810000000,6,44,1,1,61.700000000,61.830000000,710,552,3,3,61.650000000,61.860000000,803,2,4,1,61.630000000,61.880000000,5,42,1,1,61.620000000,61.900000000,600,50,1,1,61.590000000,61.960000000,10,3,1,1,61.530000000,62.000000000,508,15,2,1,61.520000000,62.100000000,112,30,1,2,61.500000000,62.200000000,181,10,2,1,61.490000000,62.300000000,35,10,1,1,XOM
2022-01-03T11:27:38.516508281Z,2022-01-03T11:27:38.516497635Z,10,2,11601,A,N,2,61.660000000,49,130,10646,5022249,61.710000000,61.810000000,6,44,1,1,61.700000000,61.830000000,710,552,3,3,61.660000000,61.860000000,49,2,1,1,61.650000000,61.880000000,803,42,4,1,61.630000000,61.900000000,5,50,1,1,61.620000000,61.960000000,600,3,1,1,61.590000000,62.000000000,10,15,1,1,61.530000000,62.100000000,508,30,2,2,61.520000000,62.200000000,112,10,1,1,61.500000000,62.300000000,181,10,2,1,XOM
2022-01-03T11:27:38.517018191Z,2022-01-03T11:27:38.517007889Z,10,2,11601,C,N,0,61.810000000,44,130,10302,5022250,61.710000000,61.830000000,6,552,1,3,61.700000000,61.860000000,710,2,3,1,61.660000000,61.880000000,49,42,1,1,61.650000000,61.900000000,803,50,4,1,61.630000000,61.960000000,5,3,1,1,61.620000000,62.000000000,600,15,1,1,61.590000000,62.100000000,10,30,1,2,61.530000000,62.200000000,508,10,2,1,61.520000000,62.300000000,112,10,1,1,61.500000000,62.500000000,181,11,2,2,XOM
2022-01-03T11:27:38.582071065Z,2022-01-03T11:27:38.582060431Z,10,2,10600,A,N,0,1135.360000000,1,130,10634,5022291,1135.050000000,1135.360000000,17,1,1,1,1135.000000000,1135.580000000,538,50,2,1,1134.720000000,1135.800000000,100,1,1,1,1134.530000000,1135.890000000,6,9,1,1,1134.500000000,1135.920000000,1,100,1,1,1134.300000000,1135.940000000,21,100,2,1,1134.230000000,1136.000000000,2,25,1,5,1134.000000000,1136.030000000,1021,1,3,1,1133.670000000,1136.350000000,9,6,1,1,1133.500000000,1136.390000000,1,100,1,1,TSLA
2022-01-03T11:27:38.622869938Z,2022-01-03T11:27:38.622859277Z,10,2,11601,A,N,1,61.860000000,600,130,10661,5022314,61.710000000,61.830000000,6,552,1,3,61.700000000,61.860000000,710,602,3,2,61.660000000,61.880000000,49,42,1,1,61.650000000,61.900000000,803,50,4,1,61.630000000,61.960000000,5,3,1,1,61.620000000,62.000000000,600,15,1,1,61.590000000,62.100000000,10,30,1,2,61.530000000,62.200000000,508,10,2,1,61.520000000,62.300000000,112,10,1,1,61.500000000,62.500000000,181,11,2,2,XOM
2022-01-03T11:27:38.644613079Z,2022-01-03T11:27:38.644602842Z,10,2,10600,C,N,8,1136.350000000,6,130,10237,5022317,1135.050000000,1135.360000000,17,1,1,1,1135.000000000,1135.580000000,538,50,2,1,1134.720000000,1135.800000000,100,1,1,1,1134.530000000,1135.890000000,6,9,1,1,1134.500000000,1135.920000000,1,100,1,1,1134.300000000,1135.940000000,21,100,2,1,1134.230000000,1136.000000000,2,25,1,5,1134.000000000,1136.030000000,1021,1,3,1,1133.670000000,1136.390000000,9,100,1,1,1133.500000000,1136.500000000,1,50,1,1,TSLA
2022-01-03T11:27:38.644693382Z,2022-01-03T11:27:38.644682313Z,10,2,10600,A,N,8,1136.130000000,6,130,11069,5022318,1135.050000000,1135.360000000,17,1,1,1,1135.000000000,1135.580000000,538,50,2,1,1134.720000000,1135.800000000,100,1,1,1,1134.530000000,1135.890000000,6,9,1,1,1134.500000000,1135.920000000,1,100,1,1,1134.300000000,1135.940000000,21,100,2,1,1134.230000000,1136.000000000,2,25,1,5,1134.000000000,1136.030000000,1021,1,3,1,1133.670000000,1136.130000000,9,6,1,1,1133.500000000,1136.390000000,1,100,1,1,TSLA
2022-01-03T11:27:38.949777252Z,2022-01-03T11:27:38.949766663Z,10,2,10600,C,N,6,1136.000000000,9,130,10589,5022443,1135.050000000,1135.360000000,17,1,1,1,1135.000000000,1135.580000000,538,50,2,1,1134.720000000,1135.800000000,100,1,1,1,1134.530000000,1135.890000000,6,9,1,1,1134.500000000,1135.920000000,1,100,1,1,1134.300000000,1135.940000000,21,100,2,1,1134.230000000,1136.000000000,2,16,1,4,1134.000000000,1136.030000000,1021,1,3,1,1133.670000000,1136.130000000,9,6,1,1,1133.500000000,1136.390000000,1,100,1,1,TSLA
2022-01-03T11:27:38.950735062Z,2022-01-03T11:27:38.950724276Z,10,2,10600,A,N,1,1135.500000000,9,130,10786,5022444,1135.050000000,1135.360000000,17,1,1,1,1135.000000000,1135.500000000,538,9,2,1,1134.720000000,1135.580000000,100,50,1,1,1134.530000000,1135.800000000,6,1,1,1,1134.500000000,1135.890000000,1,9,1,1,1134.300000000,1135.920000000,21,100,2,1,1134.230000000,1135.940000000,2,100,1,1,1134.000000000,1136.000000000,1021,16,3,4,1133.670000000,1136.030000000,9,1,1,1,1133.500000000,1136.130000000,1,6,1,1,TSLA
2022-01-03T11:27:39.481141060Z,2022-01-03T11:27:39.481130312Z,10,2,27,A,N,1,178.380000000,3,130,10748,5022626,178.390000000,178.450000000,1,70,1,2,178.380000000,178.490000000,3,83,1,2,178.320000000,178.500000000,901,115,3,3,178.300000000,178.540000000,767,31,7,1,178.280000000,178.550000000,83,1,4,1,178.270000000,178.560000000,46,400,3,1,178.260000000,178.590000000,1,20,1,1,178.250000000,178.610000000,38,1,4,1,178.240000000,178.690000000,6,260,2,1,178.230000000,178.800000000,1,20,1,2,AAPL
2022-01-03T11:27:39.542910493Z,2022-01-03T11:27:39.542899974Z,10,2,10600,C,N,0,1135.050000000,17,130,10519,5022646,1135.000000000,1135.360000000,538,1,2,1,1134.720000000,1135.500000000,100,9,1,1,1134.530000000,1135.580000000,6,50,1,1,1134.500000000,1135.800000000,1,1,1,1,1134.300000000,1135.890000000,21,9,2,1,1134.230000000,1135.920000000,2,100,1,1,1134.000000000,1135.940000000,1021,100,3,1,1133.670000000,1136.000000000,9,16,1,4,1133.500000000,1136.030000000,1,1,1,1,1133.050000000,1136.130000000,1,6,1,1,TSLA
2022-01-03T11:27:39.546438895Z,2022-01-03T11:27:39.546428393Z,10,2,10600,A,N,0,1135.150000000,17,130,10502,5022647,1135.150000000,1135.360000000,17,1,1,1,1135.000000000,1135.500000000,538,9,2,1,1134.720000000,1135.580000000,100,50,1,1,1134.530000000,1135.800000000,6,1,1,1,1134.500000000,1135.890000000,1,9,1,1,1134.300000000,1135.920000000,21,100,2,1,1134.230000000,1135.940000000,2,100,1,1,1134.000000000,1136.000000000,1021,16,3,4,1133.670000000,1136.030000000,9,1,1,1,1133.500000000,1136.130000000,1,6,1,1,TSLA
2022-01-03T11:27:39.765570543Z,2022-01-03T11:27:39.765560204Z,10,2,10600,C,N,2,1135.580000000,50,130,10339,5022734,1135.150000000,1135.360000000,17,1,1,1,1135.000000000,1135.500000000,538,9,2,1,1134.720000000,1135.800000000,100,1,1,1,1134.530000000,1135.890000000,6,9,1,1,1134.500000000,1135.920000000,1,100,1,1,1134.300000000,1135.940000000,21,100,2,1,1134.230000000,1136.000000000,2,16,1,4,1134.000000000,1136.030000000,1021,1,3,1,1133.670000000,1136.130000000,9,6,1,1,1133.500000000,1136.390000000,1,100,1,1,TSLA
2022-01-03T11:27:39.812232315Z,2022-01-03T11:27:39.812219918Z,10,2,10600,T,N,0,1135.260000000,100,0,12397,5022738,1135.150000000,1135.360000000,17,1,1,1,1135.000000000,1135.500000000,538,9,2,1,1134.720000000,1135.800000000,100,1,1,1,1134.530000000,1135.890000000,6,9,1,1,1134.500000000,1135.920000000,1,100,1,1,1134.300000000,1135.940000000,21,100,2,1,1134.230000000,1136.000000000,2,16,1,4,1134.000000000,1136.030000000,1021,1,3,1,1133.670000000,1136.130000000,9,6,1,1,1133.500000000,1136.390000000,1,100,1,1,TSLA
2022-01-03T11:27:39.812232315Z,2022-01-03T11:27:39.812219918Z,10,2,10600,A,N,0,1135.250000000,100,130,12397,5022739,1135.150000000,1135.250000000,17,100,1,1,1135.000000000,1135.360000000,538,1,2,1,1134.720000000,1135.500000000,100,9,1,1,1134.530000000,1135.800000000,6,1,1,1,1134.500000000,1135.890000000,1,9,1,1,1134.300000000,1135.920000000,21,100,2,1,1134.230000000,1135.940000000,2,100,1,1,1134.000000000,1136.000000000,1021,16,3,4,1133.670000000,1136.030000000,9,1,1,1,1133.500000000,1136.130000000,1,6,1,1,TSLA
2022-01-03T11:27:39.822065331Z,2022-01-03T11:27:39.822054937Z,10,2,10600,C,N,2,1134.720000000,100,130,10394,5022741,1135.150000000,1135.250000000,17,100,1,1,1135.000000000,1135.360000000,538,1,2,1,1134.530000000,1135.500000000,6,9,1,1,1134.500000000,1135.800000000,1,1,1,1,1134.300000000,1135.890000000,21,9,2,1,1134.230000000,1135.920000000,2,100,1,1,1134.000000000,1135.940000000,1021,100,3,1,1133.670000000,1136.000000000,9,16,1,4,1133.500000000,1136.030000000,1,1,1,1,1133.050000000,1136.130000000,1,6,1,1,TSLA
2022-01-03T11:27:39.871095314Z,2022-01-03T11:27:39.871084738Z,10,2,10600,A,N,2,1134.740000000,100,130,10576,5022744,1135.150000000,1135.250000000,17,100,1,1,1135.000000000,1135.360000000,538,1,2,1,1134.740000000,1135.500000000,100,9,1,1,1134.530000000,1135.800000000,6,1,1,1,1134.500000000,1135.890000000,1,9,1,1,1134.300000000,1135.920000000,21,100,2,1,1134.230000000,1135.940000000,2,100,1,1,1134.000000000,1136.000000000,1021,16,3,4,1133.670000000,1136.030000000,9,1,1,1,1133.500000000,1136.130000000,1,6,1,1,TSLA
2022-01-03T11:27:39.891813859Z,2022-01-03T11:27:39.891803499Z,10,2,10600,C,N,3,1134.530000000,6,130,10360,5022751,1135.150000000,1135.250000000,17,100,1,1,1135.000000000,1135.360000000,538,1,2,1,1134.740000000,1135.500000000,100,9,1,1,1134.500000000,1135.800000000,1,1,1,1,1134.300000000,1135.890000000,21,9,2,1,1134.230000000,1135.920000000,2,100,1,1,1134.000000000,1135.940000000,1021,100,3,1,1133.670000000,1136.000000000,9,16,1,4,1133.500000000,1136.030000000,1,1,1,1,1133.050000000,1136.130000000,1,6,1,1,TSLA
2022-01-03T11:27:39.891871184Z,2022-01-03T11:27:39.891860614Z,10,2,10600,A,N,4,1134.410000000,6,130,10570,5022752,1135.150000000,1135.250000000,17,100,1,1,1135.000000000,1135.360000000,538,1,2,1,1134.740000000,1135.500000000,100,9,1,1,1134.500000000,1135.800000000,1,1,1,1,1134.410000000,1135.890000000,6,9,1,1,1134.300000000,1135.920000000,21,100,2,1,1134.230000000,1135.940000000,2,100,1,1,1134.000000000,1136.000000000,1021,16,3,4,1133.670000000,1136.030000000,9,1,1,1,1133.500000000,1136.130000000,1,6,1,1,TSLA
2022-01-03T11:27:40.000153787Z,2022-01-03T11:27:40.000143231Z,10,2,10600,A,N,5,1135.910000000,100,130,10556,5022770,1135.150000000,1135.250000000,17,100,1,1,1135.000000000,1135.360000000,538,1,2,1,1134.740000000,1135.500000000,100,9,1,1,1134.500000000,1135.800000000,1,1,1,1,1134.410000000,1135.890000000,6,9,1,1,1134.300000000,1135.910000000,21,100,2,1,1134.230000000,1135.940000000,2,100,1,1,1134.000000000,1136.000000000,1021,16,3,4,1133.670000000,1136.030000000,9,1,1,1,1133.500000000,1136.130000000,1,6,1,1,TSLA
2022-01-03T11:27:40.029184415Z,2022-01-03T11:27:40.029172570Z,10,2,10600,T,B,0,1135.250000000,1,130,11845,5022777,1135.150000000,1135.250000000,17,100,1,1,1135.000000000,1135.360000000,538,1,2,1,1134.740000000,1135.500000000,100,9,1,1,1134.500000000,1135.800000000,1,1,1,1,1134.410000000,1135.890000000,6,9,1,1,1134.300000000,1135.910000000,21,100,2,1,1134.230000000,1135.940000000,2,100,1,1,1134.000000000,1136.000000000,1021,16,3,4,1133.670000000,1136.030000000,9,1,1,1,1133.500000000,1136.130000000,1,6,1,1,TSLA
2022-01-03T11:27:40.029184415Z,2022-01-03T11:27:40.029172570Z,10,2,10600,C,N,0,1135.250000000,1,130,11845,5022777,1135.150000000,1135.250000000,17,99,1,1,1135.000000000,1135.360000000,538,1,2,1,1134.740000000,1135.500000000,100,9,1,1,1134.500000000,1135.800000000,1,1,1,1,1134.410000000,1135.890000000,6,9,1,1,1134.300000000,1135.910000000,21,100,2,1,1134.230000000,1135.940000000,2,100,1,1,1134.000000000,1136.000000000,1021,16,3,4,1133.670000000,1136.030000000,9,1,1,1,1133.500000000,1136.130000000,1,6,1,1,TSLA
2022-01-03T11:27:40.036924675Z,2022-01-03T11:27:40.036914104Z,10,2,10600,C,N,2,1134.740000000,100,130,10571,5022784,1135.150000000,1135.250000000,17,99,1,1,1135.000000000,1135.360000000,538,1,2,1,1134.500000000,1135.500000000,1,9,1,1,1134.410000000,1135.800000000,6,1,1,1,1134.300000000,1135.890000000,21,9,2,1,1134.230000000,1135.910000000,2,100,1,1,1134.000000000,1135.940000000,1021,100,3,1,1133.670000000,1136.000000000,9,16,1,4,1133.500000000,1136.030000000,1,1,1,1,1133.050000000,1136.130000000,1,6,1,1,TSLA
2022-01-03T11:27:40.091198101Z,2022-01-03T11:27:40.091186906Z,10,2,10600,A,N,2,1134.670000000,100,130,11195,5022787,1135.150000000,1135.250000000,17,99,1,1,1135.000000000,1135.360000000,538,1,2,1,1134.670000000,1135.500000000,100,9,1,1,1134.500000000,1135.800000000,1,1,1,1,1134.410000000,1135.890000000,6,9,1,1,1134.300000000,1135.910000000,21,100,2,1,1134.230000000,1135.940000000,2,100,1,1,1134.000000000,1136.000000000,1021,16,3,4,1133.670000000,1136.030000000,9,1,1,1,1133.500000000,1136.130000000,1,6,1,1,TSLA
2022-01-03T11:27:40.106200695Z,2022-01-03T11:27:40.106190419Z,10,2,10600,A,N,5,1135.900000000,100,130,10276,5022788,1135.150000000,1135.250000000,17,99,1,1,1135.000000000,1135.360000000,538,1,2,1,1134.670000000,1135.500000000,100,9,1,1,1134.500000000,1135.800000000,1,1,1,1,1134.410000000,1135.890000000,6,9,1,1,1134.300000000,1135.900000000,21,100,2,1,1134.230000000,1135.940000000,2,100,1,1,1134.000000000,1136.000000000,1021,16,3,4,1133.670000000,1136.030000000,9,1,1,1,1133.500000000,1136.130000000,1,6,1,1,TSLA
2022-01-03T11:27:40.137866593Z,2022-01-03T11:27:40.137855815Z,10,2,10600,A,N,2,1134.680000000,100,130,10778,5022808,1135.150000000,1135.250000000,17,99,1,1,1135.000000000,1135.360000000,538,1,2,1,1134.680000000,1135.500000000,100,9,1,1,1134.500000000,1135.800000000,1,1,1,1,1134.410000000,1135.890000000,6,9,1,1,1134.300000000,1135.900000000,21,100,2,1,1134.230000000,1135.940000000,2,100,1,1,1134.000000000,1136.000000000,1021,16,3,4,1133.670000000,1136.030000000,9,1,1,1,1133.500000000,1136.130000000,1,6,1,1,TSLA
2022-01-03T11:27:40.210250593Z,2022-01-03T11:27:40.210240170Z,10,2,10600,A,N,4,1135.890000000,100,130,10423,5022835,1135.150000000,1135.250000000,17,99,1,1,1135.000000000,1135.360000000,538,1,2,1,1134.680000000,1135.500000000,100,9,1,1,1134.500000000,1135.800000000,1,1,1,1,1134.410000000,1135.890000000,6,109,1,2,1134.300000000,1135.940000000,21,100,2,1,1134.230000000,1136.000000000,2,16,1,4,1134.000000000,1136.030000000,1021,1,3,1,1133.670000000,1136.130000000,9,6,1,1,1133.500000000,1136.390000000,1,100,1,1,TSLA
2022-01-03T11:27:40.227587506Z,2022-01-03T11:27:40.227577158Z,10,2,10600,C,N,0,1135.250000000,99,130,10348,5022843,1135.150000000,1135.360000000,17,1,1,1,1135.000000000,1135.500000000,538,9,2,1,1134.680000000,1135.800000000,100,1,1,1,1134.500000000,1135.890000000,1,109,1,2,1134.410000000,1135.940000000,6,100,1,1,1134.300000000,1136.000000000,21,16,2,4,1134.230000000,1136.030000000,2,1,1,1,1134.000000000,1136.130000000,1021,6,3,1,1133.670000000,1136.390000000,9,100,1,1,1133.500000000,1136.500000000,1,50,1,1,TSLA
2022-01-03T11:27:40.246269129Z,2022-01-03T11:27:40.246258142Z,10,2,10600,A,N,3,1135.820000000,100,130,10987,5022845,1135.150000000,1135.360000000,17,1,1,1,1135.000000000,1135.500000000,538,9,2,1,1134.680000000,1135.800000000,100,1,1,1,1134.500000000,1135.820000000,1,100,1,1,1134.410000000,1135.890000000,6,9,1,1,1134.300000000,1135.940000000,21,100,2,1,1134.230000000,1136.000000000,2,16,1,4,1134.000000000,1136.030000000,1021,1,3,1,1133.670000000,1136.130000000,9,6,1,1,1133.500000000,1136.390000000,1,100,1,1,TSLA
2022-01-03T11:27:40.372593328Z,2022-01-03T11:27:40.372581673Z,10,2,10600,T,N,0,1135.160000000,2,130,11655,5022907,1135.150000000,1135.360000000,17,1,1,1,1135.000000000,1135.500000000,538,9,2,1,1134.680000000,1135.800000000,100,1,1,1,1134.500000000,1135.820000000,1,100,1,1,1134.410000000,1135.890000000,6,9,1,1,1134.300000000,1135.940000000,21,100,2,1,1134.230000000,1136.000000000,2,16,1,4,1134.000000000,1136.030000000,1021,1,3,1,1133.670000000,1136.130000000,9,6,1,1,1133.500000000,1136.390000000,1,100,1,1,TSLA
2022-01-03T11:27:41.041200548Z,2022-01-03T11:27:41.041190159Z,10,2,10600,C,N,3,1135.820000000,100,130,10389,5023239,1135.150000000,1135.360000000,17,1,1,1,1135.000000000,1135.500000000,538,9,2,1,1134.680000000,1135.800000000,100,1,1,1,1134.500000000,1135.890000000,1,9,1,1,1134.410000000,1135.940000000,6,100,1,1,1134.300000000,1136.000000000,21,16,2,4,1134.230000000,1136.030000000,2,1,1,1,1134.000000000,1136.130000000,1021,6,3,1,1133.670000000,1136.390000000,9,100,1,1,1133.500000000,1136.500000000,1,50,1,1,TSLA
2022-01-03T11:27:41.095679365Z,2022-01-03T11:27:41.095668714Z,10,2,10600,A,N,4,1135.900000000,100,130,10651,5023271,1135.150000000,1135.360000000,17,1,1,1,1135.000000000,1135.500000000,538,9,2,1,1134.680000000,1135.800000000,100,1,1,1,1134.500000000,1135.890000000,1,9,1,1,1134.410000000,1135.900000000,6,100,1,1,1134.300000000,1135.940000000,21,100,2,1,1134.230000000,1136.000000000,2,16,1,4,1134.000000000,1136.030000000,1021,1,3,1,1133.670000000,1136.130000000,9,6,1,1,1133.500000000,1136.390000000,1,100,1,1,TSLA
2022-01-03T11:27:41.112244226Z,2022-01-03T11:27:41.112233784Z,10,2,10600,C,N,8,1136.130000000,6,130,10442,5023276,1135.150000000,1135.360000000,17,1,1,1,1135.000000000,1135.500000000,538,9,2,1,1134.680000000,1135.800000000,100,1,1,1,1134.500000000,1135.890000000,1,9,1,1,1134.410000000,1135.900000000,6,100,1,1,1134.300000000,1135.940000000,21,100,2,1,1134.230000000,1136.000000000,2,16,1,4,1134.000000000,1136.030000000,1021,1,3,1,1133.670000000,1136.390000000,9,100,1,1,1133.500000000,1136.500000000,1,50,1,1,TSLA
2022-01-03T11:27:41.439952947Z,2022-01-03T11:27:41.439936987Z,10,2,10600,T,A,0,1135.150000000,17,0,15960,5023379,1135.150000000,1135.360000000,17,1,1,1,1135.000000000,1135.500000000,538,9,2,1,1134.680000000,1135.800000000,100,1,1,1,1134.500000000,1135.890000000,1,9,1,1,1134.410000000,1135.900000000,6,100,1,1,1134.300000000,1135.940000000,21,100,2,1,1134.230000000,1136.000000000,2,16,1,4,1134.000000000,1136.030000000,1021,1,3,1,1133.670000000,1136.390000000,9,100,1,1,1133.500000000,1136.500000000,1,50,1,1,TSLA
2022-01-03T11:27:41.439952947Z,2022-01-03T11:27:41.439936987Z,10,2,10600,T,N,0,1135.130000000,5,0,15960,5023380,1135.000000000,1135.360000000,538,1,2,1,1134.680000000,1135.500000000,100,9,1,1,1134.500000000,1135.800000000,1,1,1,1,1134.410000000,1135.890000000,6,9,1,1,1134.300000000,1135.900000000,21,100,2,1,1134.230000000,1135.940000000,2,100,1,1,1134.000000000,1136.000000000,1021,16,3,4,1133.670000000,1136.030000000,9,1,1,1,1133.500000000,1136.390000000,1,100,1,1,1133.050000000,1136.500000000,1,50,1,1,TSLA
2022-01-03T11:27:41.439952947Z,2022-01-03T11:27:41.439936987Z,10,2,10600,T,N,0,1135.110000000,10,0,15960,5023381,1135.000000000,1135.360000000,538,1,2,1,1134.680000000,1135.500000000,100,9,1,1,1134.500000000,1135.800000000,1,1,1,1,1134.410000000,1135.890000000,6,9,1,1,1134.300000000,1135.900000000,21,100,2,1,1134.230000000,1135.940000000,2,100,1,1,1134.000000000,1136.000000000,1021,16,3,4,1133.670000000,1136.030000000,9,1,1,1,1133.500000000,1136.390000000,1,100,1,1,1133.050000000,1136.500000000,1,50,1,1,TSLA
2022-01-03T11:27:41.439952947Z,2022-01-03T11:27:41.439936987Z,10,2,10600,T,N,0,1135.020000000,100,0,15960,5023382,1135.000000000,1135.360000000,538,1,2,1,1134.680000000,1135.500000000,100,9,1,1,1134.500000000,1135.800000000,1,1,1,1,1134.410000000,1135.890000000,6,9,1,1,1134.300000000,1135.900000000,21,100,2,1,1134.230000000,1135.940000000,2,100,1,1,1134.000000000,1136.000000000,1021,16,3,4,1133.670000000,1136.030000000,9,1,1,1,1133.500000000,1136.390000000,1,100,1,1,1133.050000000,1136.500000000,1,50,1,1,TSLA
2022-01-03T11:27:41.439952947Z,2022-01-03T11:27:41.439936987Z,10,2,10600,T,N,0,1135.020000000,6,130,15960,5023383,1135.000000000,1135.360000000,538,1,2,1,1134.680000000,1135.500000000,100,9,1,1,1134.500000000,1135.800000000,1,1,1,1,1134.410000000,1135.890000000,6,9,1,1,1134.300000000,1135.900000000,21,100,2,1,1134.230000000,1135.940000000,2,100,1,1,1134.000000000,1136.000000000,1021,16,3,4,1133.670000000,1136.030000000,9,1,1,1,1133.500000000,1136.390000000,1,100,1,1,1133.050000000,1136.500000000,1,50,1,1,TSLA
2022-01-03T11:27:41.440364561Z,2022-01-03T11:27:41.440354384Z,10,2,10600,C,N,1,1134.680000000,100,130,10177,5023384,1135.000000000,1135.360000000,538,1,2,1,1134.500000000,1135.500000000,1,9,1,1,1134.410000000,1135.800000000,6,1,1,1,1134.300000000,1135.890000000,21,9,2,1,1134.230000000,1135.900000000,2,100,1,1,1134.000000000,1135.940000000,1021,100,3,1,1133.670000000,1136.000000000,9,16,1,4,1133.500000000,1136.030000000,1,1,1,1,1133.050000000,1136.390000000,1,100,1,1,1133.000000000,1136.500000000,51,50,5,1,TSLA
2022-01-03T11:27:41.494868658Z,2022-01-03T11:27:41.494858292Z,10,2,10600,A,N,1,1134.620000000,100,130,10366,5023407,1135.000000000,1135.360000000,538,1,2,1,1134.620000000,1135.500000000,100,9,1,1,1134.500000000,1135.800000000,1,1,1,1,1134.410000000,1135.890000000,6,9,1,1,1134.300000000,1135.900000000,21,100,2,1,1134.230000000,1135.940000000,2,100,1,1,1134.000000000,1136.000000000,1021,16,3,4,1133.670000000,1136.030000000,9,1,1,1,1133.500000000,1136.390000000,1,100,1,1,1133.050000000,1136.500000000,1,50,1,1,TSLA
2022-01-03T11:27:41.509959384Z,2022-01-03T11:27:41.509948996Z,10,2,10600,C,N,3,1134.410000000,6,130,10388,5023422,1135.000000000,1135.360000000,538,1,2,1,1134.620000000,1135.500000000,100,9,1,1,1134.500000000,1135.800000000,1,1,1,1,1134.300000000,1135.890000000,21,9,2,1,1134.230000000,1135.900000000,2,100,1,1,1134.000000000,1135.940000000,1021,100,3,1,1133.670000000,1136.000000000,9,16,1,4,1133.500000000,1136.030000000,1,1,1,1,1133.050000000,1136.390000000,1,100,1,1,1133.000000000,1136.500000000,51,50,5,1,TSLA
2022-01-03T11:27:41.510016262Z,2022-01-03T11:27:41.510005470Z,10,2,10600,A,N,3,1134.300000000,6,130,10792,5023423,1135.000000000,1135.360000000,538,1,2,1,1134.620000000,1135.500000000,100,9,1,1,1134.500000000,1135.800000000,1,1,1,1,1134.300000000,1135.890000000,27,9,3,1,1134.230000000,1135.900000000,2,100,1,1,1134.000000000,1135.940000000,1021,100,3,1,1133.670000000,1136.000000000,9,16,1,4,1133.500000000,1136.030000000,1,1,1,1,1133.050000000,1136.390000000,1,100,1,1,1133.000000000,1136.500000000,51,50,5,1,TSLA
2022-01-03T11:27:41.538891702Z,2022-01-03T11:27:41.538881188Z,10,2,10600,A,N,2,1135.620000000,1,130,10514,5023430,1135.000000000,1135.360000000,538,1,2,1,1134.620000000,1135.500000000,100,9,1,1,1134.500000000,1135.620000000,1,1,1,1,1134.300000000,1135.800000000,27,1,3,1,1134.230000000,1135.890000000,2,9,1,1,1134.000000000,1135.900000000,1021,100,3,1,1133.670000000,1135.940000000,9,100,1,1,1133.500000000,1136.000000000,1,16,1,4,1133.050000000,1136.030000000,1,1,1,1,1133.000000000,1136.390000000,51,100,5,1,TSLA
2022-01-03T11:27:41.611956715Z,2022-01-03T11:27:41.611945662Z,10,2,10600,A,N,4,1135.890000000,100,130,11053,5023497,1135.000000000,1135.360000000,538,1,2,1,1134.620000000,1135.500000000,100,9,1,1,1134.500000000,1135.620000000,1,1,1,1,1134.300000000,1135.800000000,27,1,3,1,1134.230000000,1135.890000000,2,109,1,2,1134.000000000,1135.940000000,1021,100,3,1,1133.670000000,1136.000000000,9,16,1,4,1133.500000000,1136.030000000,1,1,1,1,1133.050000000,1136.390000000,1,100,1,1,1133.000000000,1136.500000000,51,50,5,1,TSLA
2022-01-03T11:27:42.320618614Z,2022-01-03T11:27:42.320608049Z,10,2,10600,A,N,4,1135.840000000,200,130,10565,5023687,1135.000000000,1135.360000000,538,1,2,1,1134.620000000,1135.500000000,100,9,1,1,1134.500000000,1135.620000000,1,1,1,1,1134.300000000,1135.800000000,27,1,3,1,1134.230000000,1135.840000000,2,200,1,1,1134.000000000,1135.890000000,1021,109,3,2,1133.670000000,1135.940000000,9,100,1,1,1133.500000000,1136.000000000,1,16,1,4,1133.050000000,1136.030000000,1,1,1,1,1133.000000000,1136.390000000,51,100,5,1,TSLA
2022-01-03T11:27:42.427341915Z,2022-01-03T11:27:42.427331351Z,10,2,10600,A,N,5,1135.860000000,100,130,10564,5023730,1135.000000000,1135.360000000,538,1,2,1,1134.620000000,1135.500000000,100,9,1,1,1134.500000000,1135.620000000,1,1,1,1,1134.300000000,1135.800000000,27,1,3,1,1134.230000000,1135.840000000,2,200,1,1,1134.000000000,1135.860000000,1021,100,3,1,1133.670000000,1135.890000000,9,9,1,1,1133.500000000,1135.940000000,1,100,1,1,1133.050000000,1136.000000000,1,16,1,4,1133.000000000,1136.030000000,51,1,5,1,TSLA
2022-01-03T11:27:42.601233310Z,2022-01-03T11:27:42.601222322Z,10,2,7627,A,N,1,299.800000000,3,130,10988,5023779,299.640000000,299.700000000,5,69,3,1,299.500000000,299.800000000,43,8,2,2,299.460000000,299.900000000,1,100,1,1,299.420000000,299.920000000,268,93,3,2,299.320000000,299.930000000,101,20,2,1,299.300000000,299.940000000,1,1,1,1,299.150000000,299.950000000,3,236,2,2,299.140000000,299.980000000,20,18,1,1,299.120000000,299.990000000,100,201,1,2,299.000000000,300.000000000,240,665,12,33,NVDA
2022-01-03T11:27:42.607426784Z,2022-01-03T11:27:42.607415902Z,10,2,10600,A,N,4,1135.830000000,100,130,10882,5023780,1135.000000000,1135.360000000,538,1,2,1,1134.620000000,1135.500000000,100,9,1,1,1134.500000000,1135.620000000,1,1,1,1,1134.300000000,1135.800000000,27,1,3,1,1134.230000000,1135.830000000,2,100,1,1,1134.000000000,1135.840000000,1021,200,3,1,1133.670000000,1135.890000000,9,9,1,1,1133.500000000,1135.940000000,1,100,1,1,1133.050000000,1136.000000000,1,16,1,4,1133.000000000,1136.030000000,51,1,5,1,TSLA
2022-01-03T11:27:42.972745761Z,2022-01-03T11:27:42.972733929Z,10,2,10600,T,B,0,1135.360000000,1,130,11832,5023901,1135.000000000,1135.360000000,538,1,2,1,1134.620000000,1135.500000000,100,9,1,1,1134.500000000,1135.620000000,1,1,1,1,1134.300000000,1135.800000000,27,1,3,1,1134.230000000,1135.830000000,2,100,1,1,1134.000000000,1135.840000000,1021,200,3,1,1133.670000000,1135.890000000,9,9,1,1,1133.500000000,1135.940000000,1,100,1,1,1133.050000000,1136.000000000,1,16,1,4,1133.000000000,1136.030000000,51,1,5,1,TSLA
2022-01-03T11:27:42.972745761Z,2022-01-03T11:27:42.972733929Z,10,2,10600,C,N,0,1135.360000000,1,130,11832,5023901,1135.000000000,1135.500000000,538,9,2,1,1134.620000000,1135.620000000,100,1,1,1,1134.500000000,1135.800000000,1,1,1,1,1134.300000000,1135.830000000,27,100,3,1,1134.230000000,1135.840000000,2,200,1,1,1134.000000000,1135.890000000,1021,9,3,1,1133.670000000,1135.940000000,9,100,1,1,1133.500000000,1136.000000000,1,16,1,4,1133.050000000,1136.030000000,1,1,1,1,1133.000000000,1136.390000000,51,100,5,1,TSLA
2022-01-03T11:27:42.973053917Z,2022-01-03T11:27:42.973043685Z,10,2,10600,C,N,3,1135.830000000,100,130,10232,5023902,1135.000000000,1135.500000000,538,9,2,1,1134.620000000,1135.620000000,100,1,1,1,1134.500000000,1135.800000000,1,1,1,1,1134.300000000,1135.840000000,27,200,3,1,1134.230000000,1135.890000000,2,9,1,1,1134.000000000,1135.940000000,1021,100,3,1,1133.670000000,1136.000000000,9,16,1,4,1133.500000000,1136.030000000,1,1,1,1,1133.050000000,1136.390000000,1,100,1,1,1133.000000000,1136.500000000,51,50,5,1,TSLA
2022-01-03T11:27:42.983068205Z,2022-01-03T11:27:42.983056635Z,10,2,10600,T,B,0,1135.500000000,9,130,11570,5023903,1135.000000000,1135.500000000,538,9,2,1,1134.620000000,1135.620000000,100,1,1,1,1134.500000000,1135.800000000,1,1,1,1,1134.300000000,1135.840000000,27,200,3,1,1134.230000000,1135.890000000,2,9,1,1,1134.000000000,1135.940000000,1021,100,3,1,1133.670000000,1136.000000000,9,16,1,4,1133.500000000,1136.030000000,1,1,1,1,1133.050000000,1136.390000000,1,100,1,1,1133.000000000,1136.500000000,51,50,5,1,TSLA
2022-01-03T11:27:42.983068205Z,2022-01-03T11:27:42.983056635Z,10,2,10600,C,N,0,1135.500000000,9,130,11570,5023903,1135.000000000,1135.620000000,538,1,2,1,1134.620000000,1135.800000000,100,1,1,1,1134.500000000,1135.840000000,1,200,1,1,1134.300000000,1135.890000000,27,9,3,1,1134.230000000,1135.940000000,2,100,1,1,1134.000000000,1136.000000000,1021,16,3,4,1133.670000000,1136.030000000,9,1,1,1,1133.500000000,1136.390000000,1,100,1,1,1133.050000000,1136.500000000,1,50,1,1,1133.000000000,1136.520000000,51,500,5,1,TSLA
2022-01-03T11:27:42.996040895Z,2022-01-03T11:27:42.996030624Z,10,2,10600,C,N,0,1135.620000000,1,130,10271,5023917,1135.000000000,1135.800000000,538,1,2,1,1134.620000000,1135.840000000,100,200,1,1,1134.500000000,1135.890000000,1,9,1,1,1134.300000000,1135.940000000,27,100,3,1,1134.230000000,1136.000000000,2,16,1,4,1134.000000000,1136.030000000,1021,1,3,1,1133.670000000,1136.390000000,9,100,1,1,1133.500000000,1136.500000000,1,50,1,1,1133.050000000,1136.520000000,1,500,1,1,1133.000000000,1136.530000000,51,1,5,1,TSLA
2022-01-03T11:27:43.040406771Z,2022-01-03T11:27:43.040396301Z,10,2,10600,A,N,2,1135.850000000,100,130,10470,5023925,1135.000000000,1135.800000000,538,1,2,1,1134.620000000,1135.840000000,100,200,1,1,1134.500000000,1135.850000000,1,100,1,1,1134.300000000,1135.890000000,27,9,3,1,1134.230000000,1135.940000000,2,100,1,1,1134.000000000,1136.000000000,1021,16,3,4,1133.670000000,1136.030000000,9,1,1,1,1133.500000000,1136.390000000,1,100,1,1,1133.050000000,1136.500000000,1,50,1,1,1133.000000000,1136.520000000,51,500,5,1,TSLA
2022-01-03T11:27:43.050711378Z,2022-01-03T11:27:43.050701170Z,10,2,10600,C,N,2,1135.850000000,100,130,10208,5023927,1135.000000000,1135.800000000,538,1,2,1,1134.620000000,1135.840000000,100,200,1,1,1134.500000000,1135.890000000,1,9,1,1,1134.300000000,1135.940000000,27,100,3,1,1134.230000000,1136.000000000,2,16,1,4,1134.000000000,1136.030000000,1021,1,3,1,1133.670000000,1136.390000000,9,100,1,1,1133.500000000,1136.500000000,1,50,1,1,1133.050000000,1136.520000000,1,500,1,1,1133.000000000,1136.530000000,51,1,5,1,TSLA
2022-01-03T11:27:43.050724990Z,2022-01-03T11:27:43.050714390Z,10,2,10600,A,N,5,1136.020000000,100,130,10600,5023928,1135.000000000,1135.800000000,538,1,2,1,1134.620000000,1135.840000000,100,200,1,1,1134.500000000,1135.890000000,1,9,1,1,1134.300000000,1135.940000000,27,100,3,1,1134.230000000,1136.000000000,2,16,1,4,1134.000000000,1136.020000000,1021,100,3,1,1133.670000000,1136.030000000,9,1,1,1,1133.500000000,1136.390000000,1,100,1,1,1133.050000000,1136.500000000,1,50,1,1,1133.000000000,1136.520000000,51,500,5,1,TSLA
2022-01-03T11:27:43.066065013Z,2022-01-03T11:27:43.066054901Z,10,2,10600,C,N,5,1136.020000000,100,130,10112,5023932,1135.000000000,1135.800000000,538,1,2,1,1134.620000000,1135.840000000,100,200,1,1,1134.500000000,1135.890000000,1,9,1,1,1134.300000000,1135.940000000,27,100,3,1,1134.230000000,1136.000000000,2,16,1,4,1134.000000000,1136.030000000,1021,1,3,1,1133.670000000,1136.390000000,9,100,1,1,1133.500000000,1136.500000000,1,50,1,1,1133.050000000,1136.520000000,1,500,1,1,1133.000000000,1136.530000000,51,1,5,1,TSLA
2022-01-03T11:27:43.066079191Z,2022-01-03T11:27:43.066068825Z,10,2,10600,A,N,6,1136.170000000,100,130,10366,5023933,1135.000000000,1135.800000000,538,1,2,1,1134.620000000,1135.840000000,100,200,1,1,1134.500000000,1135.890000000,1,9,1,1,1134.300000000,1135.940000000,27,100,3,1,1134.230000000,1136.000000000,2,16,1,4,1134.000000000,1136.030000000,1021,1,3,1,1133.670000000,1136.170000000,9,100,1,1,1133.500000000,1136.390000000,1,100,1,1,1133.050000000,1136.500000000,1,50,1,1,1133.000000000,1136.520000000,51,500,5,1,TSLA
